%YAML 1.1
%TAG !u! tag:unity3d.com,2011:
--- !u!29 &1
OcclusionCullingSettings:
  m_ObjectHideFlags: 0
  serializedVersion: 2
  m_OcclusionBakeSettings:
    smallestOccluder: 5
    smallestHole: 0.25
    backfaceThreshold: 100
  m_SceneGUID: 00000000000000000000000000000000
  m_OcclusionCullingData: {fileID: 0}
--- !u!104 &2
RenderSettings:
  m_ObjectHideFlags: 0
  serializedVersion: 8
  m_Fog: 1
  m_FogColor: {r: 0.01703071, g: 0.04160359, b: 0.066176474, a: 1}
  m_FogMode: 1
  m_FogDensity: 0
  m_LinearFogStart: 1
  m_LinearFogEnd: 1078
  m_AmbientSkyColor: {r: 0.043137256, g: 0.15686275, b: 0.2509804, a: 1}
  m_AmbientEquatorColor: {r: 0.043137256, g: 0.15686275, b: 0.2509804, a: 1}
  m_AmbientGroundColor: {r: 0.043137256, g: 0.15686275, b: 0.2509804, a: 1}
  m_AmbientIntensity: 1
  m_AmbientMode: 3
  m_SubtractiveShadowColor: {r: 0.42, g: 0.478, b: 0.627, a: 1}
  m_SkyboxMaterial: {fileID: 2100000, guid: 34741acc6feeb4bf2871eaf919a6d8cc, type: 2}
  m_HaloStrength: 0.5
  m_FlareStrength: 1
  m_FlareFadeSpeed: 3
  m_HaloTexture: {fileID: 0}
  m_SpotCookie: {fileID: 10001, guid: 0000000000000000e000000000000000, type: 0}
  m_DefaultReflectionMode: 0
  m_DefaultReflectionResolution: 128
  m_ReflectionBounces: 1
  m_ReflectionIntensity: 1
  m_CustomReflection: {fileID: 0}
  m_Sun: {fileID: 0}
  m_IndirectSpecularColor: {r: 0, g: 0, b: 0, a: 1}
--- !u!157 &4
LightmapSettings:
  m_ObjectHideFlags: 0
  serializedVersion: 11
  m_GIWorkflowMode: 0
  m_GISettings:
    serializedVersion: 2
    m_BounceScale: 1
    m_IndirectOutputScale: 1
    m_AlbedoBoost: 1
    m_TemporalCoherenceThreshold: 1
    m_EnvironmentLightingMode: 0
    m_EnableBakedLightmaps: 1
    m_EnableRealtimeLightmaps: 0
  m_LightmapEditorSettings:
    serializedVersion: 9
    m_Resolution: 1
    m_BakeResolution: 50
    m_TextureWidth: 1024
    m_TextureHeight: 1024
    m_AO: 0
    m_AOMaxDistance: 1
    m_CompAOExponent: 0
    m_CompAOExponentDirect: 0
    m_Padding: 2
    m_LightmapParameters: {fileID: 0}
    m_LightmapsBakeMode: 1
    m_TextureCompression: 0
    m_FinalGather: 0
    m_FinalGatherFiltering: 1
    m_FinalGatherRayCount: 1024
    m_ReflectionCompression: 2
    m_MixedBakeMode: 1
    m_BakeBackend: 0
    m_PVRSampling: 1
    m_PVRDirectSampleCount: 32
    m_PVRSampleCount: 500
    m_PVRBounces: 2
    m_PVRFilterTypeDirect: 0
    m_PVRFilterTypeIndirect: 0
    m_PVRFilterTypeAO: 0
    m_PVRFilteringMode: 0
    m_PVRCulling: 1
    m_PVRFilteringGaussRadiusDirect: 1
    m_PVRFilteringGaussRadiusIndirect: 5
    m_PVRFilteringGaussRadiusAO: 2
    m_PVRFilteringAtrousPositionSigmaDirect: 0.5
    m_PVRFilteringAtrousPositionSigmaIndirect: 2
    m_PVRFilteringAtrousPositionSigmaAO: 1
  m_LightingDataAsset: {fileID: 112000001, guid: ff3b55418358d0b4c9d8d6756f49d94d,
    type: 2}
  m_UseShadowmask: 0
--- !u!196 &5
NavMeshSettings:
  serializedVersion: 2
  m_ObjectHideFlags: 0
  m_BuildSettings:
    serializedVersion: 2
    agentTypeID: 0
    agentRadius: 0.5
    agentHeight: 2
    agentSlope: 45
    agentClimb: 0.4
    ledgeDropHeight: 0
    maxJumpAcrossDistance: 0
    minRegionArea: 2
    manualCellSize: 0
    cellSize: 0.16666666
    manualTileSize: 0
    tileSize: 256
    accuratePlacement: 0
    debug:
      m_Flags: 0
  m_NavMeshData: {fileID: 0}
--- !u!1 &148253022
GameObject:
  m_ObjectHideFlags: 0
  m_PrefabParentObject: {fileID: 188586, guid: a4d020d60b18649af92bb2a05e00d513, type: 2}
  m_PrefabInternal: {fileID: 1259695508}
  serializedVersion: 5
  m_Component:
  - component: {fileID: 148253023}
  - component: {fileID: 148253024}
  m_Layer: 0
  m_Name: Point light
  m_TagString: Untagged
  m_Icon: {fileID: 0}
  m_NavMeshLayer: 0
  m_StaticEditorFlags: 0
  m_IsActive: 1
--- !u!4 &148253023
Transform:
  m_ObjectHideFlags: 0
  m_PrefabParentObject: {fileID: 488586, guid: a4d020d60b18649af92bb2a05e00d513, type: 2}
  m_PrefabInternal: {fileID: 1259695508}
  m_GameObject: {fileID: 148253022}
  m_LocalRotation: {x: 0, y: 0, z: 0, w: 1}
  m_LocalPosition: {x: -4.31, y: 20.03, z: -65.59}
  m_LocalScale: {x: 1, y: 1, z: 1}
  m_Children: []
  m_Father: {fileID: 1626134257}
  m_RootOrder: 12
  m_LocalEulerAnglesHint: {x: 0, y: 0, z: 0}
--- !u!108 &148253024
Light:
  m_ObjectHideFlags: 0
  m_PrefabParentObject: {fileID: 10888586, guid: a4d020d60b18649af92bb2a05e00d513,
    type: 2}
  m_PrefabInternal: {fileID: 1259695508}
  m_GameObject: {fileID: 148253022}
  m_Enabled: 1
  serializedVersion: 8
  m_Type: 2
  m_Color: {r: 1, g: 0.5939148, b: 0.33088237, a: 1}
  m_Intensity: 0.79774064
  m_Range: 69.46
  m_SpotAngle: 30
  m_CookieSize: 10
  m_Shadows:
    m_Type: 0
    m_Resolution: -1
    m_CustomResolution: -1
    m_Strength: 1
    m_Bias: 0.05
    m_NormalBias: 0.4
    m_NearPlane: 0.2
  m_Cookie: {fileID: 0}
  m_DrawHalo: 0
  m_Flare: {fileID: 0}
  m_RenderMode: 0
  m_CullingMask:
    serializedVersion: 2
    m_Bits: 4294967295
  m_Lightmapping: 1
  m_AreaSize: {x: 1, y: 1}
  m_BounceIntensity: 1
  m_ColorTemperature: 6570
  m_UseColorTemperature: 0
  m_ShadowRadius: 0
  m_ShadowAngle: 0
--- !u!1 &221501294
GameObject:
  m_ObjectHideFlags: 0
  m_PrefabParentObject: {fileID: 101868, guid: a4d020d60b18649af92bb2a05e00d513, type: 2}
  m_PrefabInternal: {fileID: 1259695508}
  serializedVersion: 5
  m_Component:
  - component: {fileID: 221501295}
  - component: {fileID: 221501298}
  - component: {fileID: 221501297}
  - component: {fileID: 221501296}
  m_Layer: 0
  m_Name: AllSky_DemoEnvironment_Light
  m_TagString: Untagged
  m_Icon: {fileID: 0}
  m_NavMeshLayer: 0
  m_StaticEditorFlags: 0
  m_IsActive: 1
--- !u!4 &221501295
Transform:
  m_ObjectHideFlags: 0
  m_PrefabParentObject: {fileID: 401868, guid: a4d020d60b18649af92bb2a05e00d513, type: 2}
  m_PrefabInternal: {fileID: 1259695508}
  m_GameObject: {fileID: 221501294}
  m_LocalRotation: {x: 0, y: 0.7071068, z: 0.7071068, w: 0}
  m_LocalPosition: {x: -1.26, y: 17.94, z: -65.51}
  m_LocalScale: {x: 1, y: 1, z: 1}
  m_Children: []
  m_Father: {fileID: 1626134257}
  m_RootOrder: 11
  m_LocalEulerAnglesHint: {x: 0, y: 0, z: 0}
--- !u!95 &221501296
Animator:
  serializedVersion: 3
  m_ObjectHideFlags: 0
  m_PrefabParentObject: {fileID: 9501868, guid: a4d020d60b18649af92bb2a05e00d513,
    type: 2}
  m_PrefabInternal: {fileID: 1259695508}
  m_GameObject: {fileID: 221501294}
  m_Enabled: 1
  m_Avatar: {fileID: 9000000, guid: a86608a16093647c082aa3ccf69d2558, type: 3}
  m_Controller: {fileID: 0}
  m_CullingMode: 0
  m_UpdateMode: 0
  m_ApplyRootMotion: 1
  m_LinearVelocityBlending: 0
  m_WarningMessage: 
  m_HasTransformHierarchy: 1
  m_AllowConstantClipSamplingOptimization: 1
--- !u!23 &221501297
MeshRenderer:
  m_ObjectHideFlags: 0
  m_PrefabParentObject: {fileID: 2301868, guid: a4d020d60b18649af92bb2a05e00d513,
    type: 2}
  m_PrefabInternal: {fileID: 1259695508}
  m_GameObject: {fileID: 221501294}
  m_Enabled: 1
  m_CastShadows: 1
  m_ReceiveShadows: 1
  m_DynamicOccludee: 1
  m_MotionVectors: 1
  m_LightProbeUsage: 0
  m_ReflectionProbeUsage: 1
  m_Materials:
  - {fileID: 2100000, guid: 05aa87d4636d34850a6f48daedd1b55c, type: 2}
  - {fileID: 2100000, guid: a7f9f8058b27648f4ba9ed54ced4ac00, type: 2}
  m_StaticBatchInfo:
    firstSubMesh: 0
    subMeshCount: 0
  m_StaticBatchRoot: {fileID: 0}
  m_ProbeAnchor: {fileID: 0}
  m_LightProbeVolumeOverride: {fileID: 0}
  m_ScaleInLightmap: 1
  m_PreserveUVs: 0
  m_IgnoreNormalsForChartDetection: 0
  m_ImportantGI: 0
  m_StitchLightmapSeams: 0
  m_SelectedEditorRenderState: 3
  m_MinimumChartSize: 4
  m_AutoUVMaxDistance: 0.5
  m_AutoUVMaxAngle: 89
  m_LightmapParameters: {fileID: 0}
  m_SortingLayerID: 0
  m_SortingLayer: 0
  m_SortingOrder: 0
--- !u!33 &221501298
MeshFilter:
  m_ObjectHideFlags: 0
  m_PrefabParentObject: {fileID: 3301868, guid: a4d020d60b18649af92bb2a05e00d513,
    type: 2}
  m_PrefabInternal: {fileID: 1259695508}
  m_GameObject: {fileID: 221501294}
  m_Mesh: {fileID: 4300000, guid: a86608a16093647c082aa3ccf69d2558, type: 3}
--- !u!1 &249437189
GameObject:
  m_ObjectHideFlags: 0
  m_PrefabParentObject: {fileID: 165720, guid: a4d020d60b18649af92bb2a05e00d513, type: 2}
  m_PrefabInternal: {fileID: 1259695508}
  serializedVersion: 5
  m_Component:
  - component: {fileID: 249437190}
  - component: {fileID: 249437193}
  - component: {fileID: 249437192}
  - component: {fileID: 249437191}
  m_Layer: 0
  m_Name: MountainGlowObject
  m_TagString: Untagged
  m_Icon: {fileID: 0}
  m_NavMeshLayer: 0
  m_StaticEditorFlags: 0
  m_IsActive: 1
--- !u!4 &249437190
Transform:
  m_ObjectHideFlags: 0
  m_PrefabParentObject: {fileID: 465720, guid: a4d020d60b18649af92bb2a05e00d513, type: 2}
  m_PrefabInternal: {fileID: 1259695508}
  m_GameObject: {fileID: 249437189}
  m_LocalRotation: {x: 0, y: 0, z: 0, w: 1}
  m_LocalPosition: {x: -559.2, y: 278.1, z: 528.9}
  m_LocalScale: {x: 9.436284, y: 9.436287, z: 9.436287}
  m_Children:
  - {fileID: 1696896775}
  - {fileID: 1581884271}
  m_Father: {fileID: 1626134257}
  m_RootOrder: 17
  m_LocalEulerAnglesHint: {x: 0, y: 0, z: 0}
--- !u!23 &249437191
MeshRenderer:
  m_ObjectHideFlags: 0
  m_PrefabParentObject: {fileID: 2365722, guid: a4d020d60b18649af92bb2a05e00d513,
    type: 2}
  m_PrefabInternal: {fileID: 1259695508}
  m_GameObject: {fileID: 249437189}
  m_Enabled: 1
  m_CastShadows: 1
  m_ReceiveShadows: 1
  m_DynamicOccludee: 1
  m_MotionVectors: 1
  m_LightProbeUsage: 0
  m_ReflectionProbeUsage: 1
  m_Materials:
  - {fileID: 2100000, guid: 413befd66bdd84d569871d0524b4685a, type: 2}
  m_StaticBatchInfo:
    firstSubMesh: 0
    subMeshCount: 0
  m_StaticBatchRoot: {fileID: 0}
  m_ProbeAnchor: {fileID: 0}
  m_LightProbeVolumeOverride: {fileID: 0}
  m_ScaleInLightmap: 1
  m_PreserveUVs: 0
  m_IgnoreNormalsForChartDetection: 0
  m_ImportantGI: 0
  m_StitchLightmapSeams: 0
  m_SelectedEditorRenderState: 3
  m_MinimumChartSize: 4
  m_AutoUVMaxDistance: 0.5
  m_AutoUVMaxAngle: 89
  m_LightmapParameters: {fileID: 0}
  m_SortingLayerID: 0
  m_SortingLayer: 0
  m_SortingOrder: 0
--- !u!135 &249437192
SphereCollider:
  m_ObjectHideFlags: 0
  m_PrefabParentObject: {fileID: 13565722, guid: a4d020d60b18649af92bb2a05e00d513,
    type: 2}
  m_PrefabInternal: {fileID: 1259695508}
  m_GameObject: {fileID: 249437189}
  m_Material: {fileID: 0}
  m_IsTrigger: 0
  m_Enabled: 1
  serializedVersion: 2
  m_Radius: 0.5
  m_Center: {x: 0, y: 0, z: 0}
--- !u!33 &249437193
MeshFilter:
  m_ObjectHideFlags: 0
  m_PrefabParentObject: {fileID: 3365722, guid: a4d020d60b18649af92bb2a05e00d513,
    type: 2}
  m_PrefabInternal: {fileID: 1259695508}
  m_GameObject: {fileID: 249437189}
  m_Mesh: {fileID: 10207, guid: 0000000000000000e000000000000000, type: 0}
--- !u!1 &303902663
GameObject:
  m_ObjectHideFlags: 0
  m_PrefabParentObject: {fileID: 143672, guid: a4d020d60b18649af92bb2a05e00d513, type: 2}
  m_PrefabInternal: {fileID: 1259695508}
  serializedVersion: 5
  m_Component:
  - component: {fileID: 303902664}
  - component: {fileID: 303902667}
  - component: {fileID: 303902666}
  - component: {fileID: 303902665}
  m_Layer: 0
  m_Name: MountainGlowObject
  m_TagString: Untagged
  m_Icon: {fileID: 0}
  m_NavMeshLayer: 0
  m_StaticEditorFlags: 0
  m_IsActive: 1
--- !u!4 &303902664
Transform:
  m_ObjectHideFlags: 0
  m_PrefabParentObject: {fileID: 443672, guid: a4d020d60b18649af92bb2a05e00d513, type: 2}
  m_PrefabInternal: {fileID: 1259695508}
  m_GameObject: {fileID: 303902663}
  m_LocalRotation: {x: 0, y: 0, z: 0, w: 1}
  m_LocalPosition: {x: 192.4, y: 211.66, z: -514.54}
  m_LocalScale: {x: 6.270317, y: 6.2703166, z: 6.2703166}
  m_Children:
  - {fileID: 1396710927}
  - {fileID: 1073846196}
  m_Father: {fileID: 1626134257}
  m_RootOrder: 16
  m_LocalEulerAnglesHint: {x: 0, y: 0, z: 0}
--- !u!23 &303902665
MeshRenderer:
  m_ObjectHideFlags: 0
  m_PrefabParentObject: {fileID: 2343674, guid: a4d020d60b18649af92bb2a05e00d513,
    type: 2}
  m_PrefabInternal: {fileID: 1259695508}
  m_GameObject: {fileID: 303902663}
  m_Enabled: 1
  m_CastShadows: 1
  m_ReceiveShadows: 1
  m_DynamicOccludee: 1
  m_MotionVectors: 1
  m_LightProbeUsage: 0
  m_ReflectionProbeUsage: 1
  m_Materials:
  - {fileID: 2100000, guid: 413befd66bdd84d569871d0524b4685a, type: 2}
  m_StaticBatchInfo:
    firstSubMesh: 0
    subMeshCount: 0
  m_StaticBatchRoot: {fileID: 0}
  m_ProbeAnchor: {fileID: 0}
  m_LightProbeVolumeOverride: {fileID: 0}
  m_ScaleInLightmap: 1
  m_PreserveUVs: 0
  m_IgnoreNormalsForChartDetection: 0
  m_ImportantGI: 0
  m_StitchLightmapSeams: 0
  m_SelectedEditorRenderState: 3
  m_MinimumChartSize: 4
  m_AutoUVMaxDistance: 0.5
  m_AutoUVMaxAngle: 89
  m_LightmapParameters: {fileID: 0}
  m_SortingLayerID: 0
  m_SortingLayer: 0
  m_SortingOrder: 0
--- !u!135 &303902666
SphereCollider:
  m_ObjectHideFlags: 0
  m_PrefabParentObject: {fileID: 13543674, guid: a4d020d60b18649af92bb2a05e00d513,
    type: 2}
  m_PrefabInternal: {fileID: 1259695508}
  m_GameObject: {fileID: 303902663}
  m_Material: {fileID: 0}
  m_IsTrigger: 0
  m_Enabled: 1
  serializedVersion: 2
  m_Radius: 0.5
  m_Center: {x: 0, y: 0, z: 0}
--- !u!33 &303902667
MeshFilter:
  m_ObjectHideFlags: 0
  m_PrefabParentObject: {fileID: 3343674, guid: a4d020d60b18649af92bb2a05e00d513,
    type: 2}
  m_PrefabInternal: {fileID: 1259695508}
  m_GameObject: {fileID: 303902663}
  m_Mesh: {fileID: 10207, guid: 0000000000000000e000000000000000, type: 0}
--- !u!1 &413904300
GameObject:
  m_ObjectHideFlags: 0
  m_PrefabParentObject: {fileID: 129746, guid: a4d020d60b18649af92bb2a05e00d513, type: 2}
  m_PrefabInternal: {fileID: 1259695508}
  serializedVersion: 5
  m_Component:
  - component: {fileID: 413904305}
  - component: {fileID: 413904301}
  - component: {fileID: 413904304}
  - component: {fileID: 413904303}
  - component: {fileID: 413904302}
  m_Layer: 0
  m_Name: Camera
  m_TagString: Untagged
  m_Icon: {fileID: 0}
  m_NavMeshLayer: 0
  m_StaticEditorFlags: 0
  m_IsActive: 1
--- !u!20 &413904301
Camera:
  m_ObjectHideFlags: 0
  m_PrefabParentObject: {fileID: 2029746, guid: a4d020d60b18649af92bb2a05e00d513,
    type: 2}
  m_PrefabInternal: {fileID: 1259695508}
  m_GameObject: {fileID: 413904300}
  m_Enabled: 1
  serializedVersion: 2
  m_ClearFlags: 1
  m_BackGroundColor: {r: 0.19215687, g: 0.3019608, b: 0.4745098, a: 0.019607844}
  m_NormalizedViewPortRect:
    serializedVersion: 2
    x: 0
    y: 0
    width: 1
    height: 1
  near clip plane: 0.3
  far clip plane: 1000
  field of view: 80
  orthographic: 0
  orthographic size: 5
  m_Depth: 0
  m_CullingMask:
    serializedVersion: 2
    m_Bits: 4294967295
  m_RenderingPath: 1
  m_TargetTexture: {fileID: 0}
  m_TargetDisplay: 0
  m_TargetEye: 3
  m_HDR: 0
  m_AllowMSAA: 1
  m_ForceIntoRT: 0
  m_OcclusionCulling: 1
  m_StereoConvergence: 10
  m_StereoSeparation: 0.022
--- !u!81 &413904302
AudioListener:
  m_ObjectHideFlags: 0
  m_PrefabParentObject: {fileID: 8129746, guid: a4d020d60b18649af92bb2a05e00d513,
    type: 2}
  m_PrefabInternal: {fileID: 1259695508}
  m_GameObject: {fileID: 413904300}
  m_Enabled: 1
--- !u!92 &413904303
Behaviour:
  m_ObjectHideFlags: 0
  m_PrefabParentObject: {fileID: 9229746, guid: a4d020d60b18649af92bb2a05e00d513,
    type: 2}
  m_PrefabInternal: {fileID: 1259695508}
  m_GameObject: {fileID: 413904300}
  m_Enabled: 1
--- !u!124 &413904304
Behaviour:
  m_ObjectHideFlags: 0
  m_PrefabParentObject: {fileID: 12429746, guid: a4d020d60b18649af92bb2a05e00d513,
    type: 2}
  m_PrefabInternal: {fileID: 1259695508}
  m_GameObject: {fileID: 413904300}
  m_Enabled: 1
--- !u!4 &413904305
Transform:
  m_ObjectHideFlags: 0
  m_PrefabParentObject: {fileID: 429746, guid: a4d020d60b18649af92bb2a05e00d513, type: 2}
  m_PrefabInternal: {fileID: 1259695508}
  m_GameObject: {fileID: 413904300}
  m_LocalRotation: {x: -0.07414172, y: 0.5446158, z: 0.04971558, w: 0.8339215}
  m_LocalPosition: {x: -155.7, y: 84.5, z: -67.5}
  m_LocalScale: {x: 1, y: 1, z: 1}
  m_Children: []
  m_Father: {fileID: 1626134257}
  m_RootOrder: 2
  m_LocalEulerAnglesHint: {x: -10.242001, y: 66.284004, z: 0.126}
--- !u!1001 &441542744
Prefab:
  m_ObjectHideFlags: 0
  serializedVersion: 2
  m_Modification:
    m_TransformParent: {fileID: 0}
    m_Modifications:
    - target: {fileID: 435272, guid: 0f1bb6c00f49e47b4b8c078bd9c1bf14, type: 2}
      propertyPath: m_LocalPosition.x
      value: 669
      objectReference: {fileID: 0}
    - target: {fileID: 435272, guid: 0f1bb6c00f49e47b4b8c078bd9c1bf14, type: 2}
      propertyPath: m_LocalPosition.y
      value: 8531
      objectReference: {fileID: 0}
    - target: {fileID: 435272, guid: 0f1bb6c00f49e47b4b8c078bd9c1bf14, type: 2}
      propertyPath: m_LocalPosition.z
      value: 14410
      objectReference: {fileID: 0}
    - target: {fileID: 435272, guid: 0f1bb6c00f49e47b4b8c078bd9c1bf14, type: 2}
      propertyPath: m_LocalRotation.x
      value: 0
      objectReference: {fileID: 0}
    - target: {fileID: 435272, guid: 0f1bb6c00f49e47b4b8c078bd9c1bf14, type: 2}
      propertyPath: m_LocalRotation.y
      value: 0
      objectReference: {fileID: 0}
    - target: {fileID: 435272, guid: 0f1bb6c00f49e47b4b8c078bd9c1bf14, type: 2}
      propertyPath: m_LocalRotation.z
      value: 0
      objectReference: {fileID: 0}
    - target: {fileID: 435272, guid: 0f1bb6c00f49e47b4b8c078bd9c1bf14, type: 2}
      propertyPath: m_LocalRotation.w
      value: 1
      objectReference: {fileID: 0}
    - target: {fileID: 435272, guid: 0f1bb6c00f49e47b4b8c078bd9c1bf14, type: 2}
      propertyPath: m_RootOrder
      value: 2
      objectReference: {fileID: 0}
    - target: {fileID: 12335272, guid: 0f1bb6c00f49e47b4b8c078bd9c1bf14, type: 2}
      propertyPath: m_Color.r
      value: .18555364
      objectReference: {fileID: 0}
    - target: {fileID: 12335272, guid: 0f1bb6c00f49e47b4b8c078bd9c1bf14, type: 2}
      propertyPath: m_Color.g
      value: .243598685
      objectReference: {fileID: 0}
    - target: {fileID: 12335272, guid: 0f1bb6c00f49e47b4b8c078bd9c1bf14, type: 2}
      propertyPath: m_Color.b
      value: .323529422
      objectReference: {fileID: 0}
    m_RemovedComponents: []
  m_ParentPrefab: {fileID: 100100000, guid: 0f1bb6c00f49e47b4b8c078bd9c1bf14, type: 2}
  m_RootGameObject: {fileID: 1285083808}
  m_IsPrefabParent: 0
--- !u!1 &466266998
GameObject:
  m_ObjectHideFlags: 0
  m_PrefabParentObject: {fileID: 124194, guid: a4d020d60b18649af92bb2a05e00d513, type: 2}
  m_PrefabInternal: {fileID: 1259695508}
  serializedVersion: 5
  m_Component:
  - component: {fileID: 466266999}
  - component: {fileID: 466267002}
  - component: {fileID: 466267001}
  - component: {fileID: 466267000}
  m_Layer: 0
  m_Name: MountainGlowObject
  m_TagString: Untagged
  m_Icon: {fileID: 0}
  m_NavMeshLayer: 0
  m_StaticEditorFlags: 0
  m_IsActive: 1
--- !u!4 &466266999
Transform:
  m_ObjectHideFlags: 0
  m_PrefabParentObject: {fileID: 424194, guid: a4d020d60b18649af92bb2a05e00d513, type: 2}
  m_PrefabInternal: {fileID: 1259695508}
  m_GameObject: {fileID: 466266998}
  m_LocalRotation: {x: 0, y: 0, z: 0, w: 1}
  m_LocalPosition: {x: 257.05, y: 256.72, z: 710.12}
  m_LocalScale: {x: 9.1256075, y: 9.125607, z: 9.125607}
  m_Children:
  - {fileID: 1868598818}
  - {fileID: 1587325257}
  m_Father: {fileID: 1626134257}
  m_RootOrder: 18
  m_LocalEulerAnglesHint: {x: 0, y: 0, z: 0}
--- !u!23 &466267000
MeshRenderer:
  m_ObjectHideFlags: 0
  m_PrefabParentObject: {fileID: 2324192, guid: a4d020d60b18649af92bb2a05e00d513,
    type: 2}
  m_PrefabInternal: {fileID: 1259695508}
  m_GameObject: {fileID: 466266998}
  m_Enabled: 1
  m_CastShadows: 1
  m_ReceiveShadows: 1
  m_DynamicOccludee: 1
  m_MotionVectors: 1
  m_LightProbeUsage: 0
  m_ReflectionProbeUsage: 1
  m_Materials:
  - {fileID: 2100000, guid: 413befd66bdd84d569871d0524b4685a, type: 2}
  m_StaticBatchInfo:
    firstSubMesh: 0
    subMeshCount: 0
  m_StaticBatchRoot: {fileID: 0}
  m_ProbeAnchor: {fileID: 0}
  m_LightProbeVolumeOverride: {fileID: 0}
  m_ScaleInLightmap: 1
  m_PreserveUVs: 0
  m_IgnoreNormalsForChartDetection: 0
  m_ImportantGI: 0
  m_StitchLightmapSeams: 0
  m_SelectedEditorRenderState: 3
  m_MinimumChartSize: 4
  m_AutoUVMaxDistance: 0.5
  m_AutoUVMaxAngle: 89
  m_LightmapParameters: {fileID: 0}
  m_SortingLayerID: 0
  m_SortingLayer: 0
  m_SortingOrder: 0
--- !u!135 &466267001
SphereCollider:
  m_ObjectHideFlags: 0
  m_PrefabParentObject: {fileID: 13524192, guid: a4d020d60b18649af92bb2a05e00d513,
    type: 2}
  m_PrefabInternal: {fileID: 1259695508}
  m_GameObject: {fileID: 466266998}
  m_Material: {fileID: 0}
  m_IsTrigger: 0
  m_Enabled: 1
  serializedVersion: 2
  m_Radius: 0.5
  m_Center: {x: 0, y: 0, z: 0}
--- !u!33 &466267002
MeshFilter:
  m_ObjectHideFlags: 0
  m_PrefabParentObject: {fileID: 3324192, guid: a4d020d60b18649af92bb2a05e00d513,
    type: 2}
  m_PrefabInternal: {fileID: 1259695508}
  m_GameObject: {fileID: 466266998}
  m_Mesh: {fileID: 10207, guid: 0000000000000000e000000000000000, type: 0}
--- !u!1 &539855250
GameObject:
  m_ObjectHideFlags: 0
  m_PrefabParentObject: {fileID: 101870, guid: a4d020d60b18649af92bb2a05e00d513, type: 2}
  m_PrefabInternal: {fileID: 1259695508}
  serializedVersion: 5
  m_Component:
  - component: {fileID: 539855251}
  - component: {fileID: 539855254}
  - component: {fileID: 539855253}
  - component: {fileID: 539855252}
  m_Layer: 0
  m_Name: AllSky_DemoEnvironment_Light
  m_TagString: Untagged
  m_Icon: {fileID: 0}
  m_NavMeshLayer: 0
  m_StaticEditorFlags: 0
  m_IsActive: 1
--- !u!4 &539855251
Transform:
  m_ObjectHideFlags: 0
  m_PrefabParentObject: {fileID: 401870, guid: a4d020d60b18649af92bb2a05e00d513, type: 2}
  m_PrefabInternal: {fileID: 1259695508}
  m_GameObject: {fileID: 539855250}
  m_LocalRotation: {x: 0.0660789, y: 0.7040125, z: 0.7040125, w: -0.066078864}
  m_LocalPosition: {x: -67.93, y: 17, z: 13.85}
  m_LocalScale: {x: 1, y: 1, z: 1}
  m_Children: []
  m_Father: {fileID: 1626134257}
  m_RootOrder: 14
  m_LocalEulerAnglesHint: {x: 0, y: 0, z: 0}
--- !u!95 &539855252
Animator:
  serializedVersion: 3
  m_ObjectHideFlags: 0
  m_PrefabParentObject: {fileID: 9501870, guid: a4d020d60b18649af92bb2a05e00d513,
    type: 2}
  m_PrefabInternal: {fileID: 1259695508}
  m_GameObject: {fileID: 539855250}
  m_Enabled: 1
  m_Avatar: {fileID: 9000000, guid: a86608a16093647c082aa3ccf69d2558, type: 3}
  m_Controller: {fileID: 0}
  m_CullingMode: 0
  m_UpdateMode: 0
  m_ApplyRootMotion: 1
  m_LinearVelocityBlending: 0
  m_WarningMessage: 
  m_HasTransformHierarchy: 1
  m_AllowConstantClipSamplingOptimization: 1
--- !u!23 &539855253
MeshRenderer:
  m_ObjectHideFlags: 0
  m_PrefabParentObject: {fileID: 2301870, guid: a4d020d60b18649af92bb2a05e00d513,
    type: 2}
  m_PrefabInternal: {fileID: 1259695508}
  m_GameObject: {fileID: 539855250}
  m_Enabled: 1
  m_CastShadows: 1
  m_ReceiveShadows: 1
  m_DynamicOccludee: 1
  m_MotionVectors: 1
  m_LightProbeUsage: 0
  m_ReflectionProbeUsage: 1
  m_Materials:
  - {fileID: 2100000, guid: 05aa87d4636d34850a6f48daedd1b55c, type: 2}
  - {fileID: 2100000, guid: a7f9f8058b27648f4ba9ed54ced4ac00, type: 2}
  m_StaticBatchInfo:
    firstSubMesh: 0
    subMeshCount: 0
  m_StaticBatchRoot: {fileID: 0}
  m_ProbeAnchor: {fileID: 0}
  m_LightProbeVolumeOverride: {fileID: 0}
  m_ScaleInLightmap: 1
  m_PreserveUVs: 0
  m_IgnoreNormalsForChartDetection: 0
  m_ImportantGI: 0
  m_StitchLightmapSeams: 0
  m_SelectedEditorRenderState: 3
  m_MinimumChartSize: 4
  m_AutoUVMaxDistance: 0.5
  m_AutoUVMaxAngle: 89
  m_LightmapParameters: {fileID: 0}
  m_SortingLayerID: 0
  m_SortingLayer: 0
  m_SortingOrder: 0
--- !u!33 &539855254
MeshFilter:
  m_ObjectHideFlags: 0
  m_PrefabParentObject: {fileID: 3301870, guid: a4d020d60b18649af92bb2a05e00d513,
    type: 2}
  m_PrefabInternal: {fileID: 1259695508}
  m_GameObject: {fileID: 539855250}
  m_Mesh: {fileID: 4300000, guid: a86608a16093647c082aa3ccf69d2558, type: 3}
--- !u!1 &610526308
GameObject:
  m_ObjectHideFlags: 0
  m_PrefabParentObject: {fileID: 109850, guid: a4d020d60b18649af92bb2a05e00d513, type: 2}
  m_PrefabInternal: {fileID: 1259695508}
  serializedVersion: 5
  m_Component:
  - component: {fileID: 610526309}
  - component: {fileID: 610526310}
  m_Layer: 0
  m_Name: Point light
  m_TagString: Untagged
  m_Icon: {fileID: 0}
  m_NavMeshLayer: 0
  m_StaticEditorFlags: 0
  m_IsActive: 1
--- !u!4 &610526309
Transform:
  m_ObjectHideFlags: 0
  m_PrefabParentObject: {fileID: 409850, guid: a4d020d60b18649af92bb2a05e00d513, type: 2}
  m_PrefabInternal: {fileID: 1259695508}
  m_GameObject: {fileID: 610526308}
  m_LocalRotation: {x: 0, y: 0, z: 0, w: 1}
  m_LocalPosition: {x: 13.9, y: 18.2, z: 69.6}
  m_LocalScale: {x: 1, y: 1, z: 1}
  m_Children: []
  m_Father: {fileID: 1626134257}
  m_RootOrder: 3
  m_LocalEulerAnglesHint: {x: 0, y: 0, z: 0}
--- !u!108 &610526310
Light:
  m_ObjectHideFlags: 0
  m_PrefabParentObject: {fileID: 10809850, guid: a4d020d60b18649af92bb2a05e00d513,
    type: 2}
  m_PrefabInternal: {fileID: 1259695508}
  m_GameObject: {fileID: 610526308}
  m_Enabled: 1
  serializedVersion: 8
  m_Type: 2
  m_Color: {r: 1, g: 0.5939148, b: 0.33088237, a: 1}
  m_Intensity: 0.79774064
  m_Range: 69.46
  m_SpotAngle: 30
  m_CookieSize: 10
  m_Shadows:
    m_Type: 0
    m_Resolution: -1
    m_CustomResolution: -1
    m_Strength: 1
    m_Bias: 0.05
    m_NormalBias: 0.4
    m_NearPlane: 0.2
  m_Cookie: {fileID: 0}
  m_DrawHalo: 0
  m_Flare: {fileID: 0}
  m_RenderMode: 0
  m_CullingMask:
    serializedVersion: 2
    m_Bits: 4294967295
  m_Lightmapping: 1
  m_AreaSize: {x: 1, y: 1}
  m_BounceIntensity: 1
  m_ColorTemperature: 6570
  m_UseColorTemperature: 0
  m_ShadowRadius: 0
  m_ShadowAngle: 0
--- !u!1 &746830299
GameObject:
  m_ObjectHideFlags: 0
  m_PrefabParentObject: {fileID: 127676, guid: a4d020d60b18649af92bb2a05e00d513, type: 2}
  m_PrefabInternal: {fileID: 1259695508}
  serializedVersion: 5
  m_Component:
  - component: {fileID: 746830300}
  - component: {fileID: 746830302}
  - component: {fileID: 746830301}
  m_Layer: 5
  m_Name: Gradient
  m_TagString: Untagged
  m_Icon: {fileID: 0}
  m_NavMeshLayer: 0
  m_StaticEditorFlags: 0
  m_IsActive: 1
--- !u!224 &746830300
RectTransform:
  m_ObjectHideFlags: 0
  m_PrefabParentObject: {fileID: 22427676, guid: a4d020d60b18649af92bb2a05e00d513,
    type: 2}
  m_PrefabInternal: {fileID: 1259695508}
  m_GameObject: {fileID: 746830299}
  m_LocalRotation: {x: 0, y: 0, z: 0, w: 1}
  m_LocalPosition: {x: 0, y: -263.4, z: 0}
  m_LocalScale: {x: 1, y: 1, z: 1}
  m_Children: []
  m_Father: {fileID: 807964382}
  m_RootOrder: 0
  m_LocalEulerAnglesHint: {x: 0, y: 0, z: 0}
  m_AnchorMin: {x: 0, y: 0}
  m_AnchorMax: {x: 1, y: 0}
  m_AnchoredPosition: {x: 0, y: 45.1}
  m_SizeDelta: {x: 0, y: 100}
  m_Pivot: {x: 0.5, y: 0.5}
--- !u!114 &746830301
MonoBehaviour:
  m_ObjectHideFlags: 0
  m_PrefabParentObject: {fileID: 11427676, guid: a4d020d60b18649af92bb2a05e00d513,
    type: 2}
  m_PrefabInternal: {fileID: 1259695508}
  m_GameObject: {fileID: 746830299}
  m_Enabled: 1
  m_EditorHideFlags: 0
  m_Script: {fileID: -765806418, guid: f5f67c52d1564df4a8936ccd202a3bd8, type: 3}
  m_Name: 
  m_EditorClassIdentifier: 
  m_Material: {fileID: 0}
  m_Color: {r: 1, g: 1, b: 1, a: 1}
  m_RaycastTarget: 1
  m_OnCullStateChanged:
    m_PersistentCalls:
      m_Calls: []
    m_TypeName: UnityEngine.UI.MaskableGraphic+CullStateChangedEvent, UnityEngine.UI,
      Version=1.0.0.0, Culture=neutral, PublicKeyToken=null
  m_Sprite: {fileID: 21300000, guid: 5fcdc8d88900447cbacc2451e4e54427, type: 3}
  m_Type: 0
  m_PreserveAspect: 0
  m_FillCenter: 1
  m_FillMethod: 4
  m_FillAmount: 1
  m_FillClockwise: 1
  m_FillOrigin: 0
--- !u!222 &746830302
CanvasRenderer:
  m_ObjectHideFlags: 0
  m_PrefabParentObject: {fileID: 22227676, guid: a4d020d60b18649af92bb2a05e00d513,
    type: 2}
  m_PrefabInternal: {fileID: 1259695508}
  m_GameObject: {fileID: 746830299}
--- !u!1 &807964381
GameObject:
  m_ObjectHideFlags: 0
  m_PrefabParentObject: {fileID: 118414, guid: a4d020d60b18649af92bb2a05e00d513, type: 2}
  m_PrefabInternal: {fileID: 1259695508}
  serializedVersion: 5
  m_Component:
  - component: {fileID: 807964382}
  - component: {fileID: 807964385}
  - component: {fileID: 807964384}
  - component: {fileID: 807964383}
  m_Layer: 5
  m_Name: Canvas
  m_TagString: Untagged
  m_Icon: {fileID: 0}
  m_NavMeshLayer: 0
  m_StaticEditorFlags: 0
  m_IsActive: 1
--- !u!224 &807964382
RectTransform:
  m_ObjectHideFlags: 0
  m_PrefabParentObject: {fileID: 22418414, guid: a4d020d60b18649af92bb2a05e00d513,
    type: 2}
  m_PrefabInternal: {fileID: 1259695508}
  m_GameObject: {fileID: 807964381}
  m_LocalRotation: {x: -0.07414172, y: 0.5446158, z: 0.04971558, w: 0.8339215}
  m_LocalPosition: {x: -151.19519, y: 85.38904, z: -65.521034}
  m_LocalScale: {x: 0.0135996705, y: 0.0135996705, z: 0.0135996705}
  m_Children:
  - {fileID: 746830300}
  - {fileID: 1812287112}
  - {fileID: 1784172139}
  - {fileID: 1625263364}
  - {fileID: 1839578209}
  m_Father: {fileID: 1626134257}
  m_RootOrder: 19
  m_LocalEulerAnglesHint: {x: 0, y: 0, z: 0}
  m_AnchorMin: {x: 0, y: 0}
  m_AnchorMax: {x: 0, y: 0}
  m_AnchoredPosition: {x: -151.19519, y: 85.389046}
  m_SizeDelta: {x: 1096.8889, y: 617}
  m_Pivot: {x: 0.5, y: 0.5}
--- !u!114 &807964383
MonoBehaviour:
  m_ObjectHideFlags: 0
  m_PrefabParentObject: {fileID: 11418414, guid: a4d020d60b18649af92bb2a05e00d513,
    type: 2}
  m_PrefabInternal: {fileID: 1259695508}
  m_GameObject: {fileID: 807964381}
  m_Enabled: 1
  m_EditorHideFlags: 0
  m_Script: {fileID: 1301386320, guid: f5f67c52d1564df4a8936ccd202a3bd8, type: 3}
  m_Name: 
  m_EditorClassIdentifier: 
  m_IgnoreReversedGraphics: 1
  m_BlockingObjects: 0
  m_BlockingMask:
    serializedVersion: 2
    m_Bits: 4294967295
--- !u!114 &807964384
MonoBehaviour:
  m_ObjectHideFlags: 0
  m_PrefabParentObject: {fileID: 11418412, guid: a4d020d60b18649af92bb2a05e00d513,
    type: 2}
  m_PrefabInternal: {fileID: 1259695508}
  m_GameObject: {fileID: 807964381}
  m_Enabled: 1
  m_EditorHideFlags: 0
  m_Script: {fileID: 1980459831, guid: f5f67c52d1564df4a8936ccd202a3bd8, type: 3}
  m_Name: 
  m_EditorClassIdentifier: 
  m_UiScaleMode: 0
  m_ReferencePixelsPerUnit: 100
  m_ScaleFactor: 1
  m_ReferenceResolution: {x: 800, y: 600}
  m_ScreenMatchMode: 0
  m_MatchWidthOrHeight: 0.71
  m_PhysicalUnit: 3
  m_FallbackScreenDPI: 96
  m_DefaultSpriteDPI: 96
  m_DynamicPixelsPerUnit: 1
--- !u!223 &807964385
Canvas:
  m_ObjectHideFlags: 0
  m_PrefabParentObject: {fileID: 22318418, guid: a4d020d60b18649af92bb2a05e00d513,
    type: 2}
  m_PrefabInternal: {fileID: 1259695508}
  m_GameObject: {fileID: 807964381}
  m_Enabled: 1
  serializedVersion: 3
  m_RenderMode: 1
  m_Camera: {fileID: 413904301}
  m_PlaneDistance: 5
  m_PixelPerfect: 0
  m_ReceivesEvents: 1
  m_OverrideSorting: 0
  m_OverridePixelPerfect: 0
  m_SortingBucketNormalizedSize: 0
  m_AdditionalShaderChannelsFlag: 25
  m_SortingLayerID: 0
  m_SortingOrder: 0
  m_TargetDisplay: 0
--- !u!1 &996258571
GameObject:
  m_ObjectHideFlags: 0
  m_PrefabParentObject: {fileID: 172398, guid: a4d020d60b18649af92bb2a05e00d513, type: 2}
  m_PrefabInternal: {fileID: 1259695508}
  serializedVersion: 5
  m_Component:
  - component: {fileID: 996258572}
  - component: {fileID: 996258575}
  - component: {fileID: 996258574}
  - component: {fileID: 996258573}
  m_Layer: 0
  m_Name: AllSky_DemoEnvironment
  m_TagString: Untagged
  m_Icon: {fileID: 0}
  m_NavMeshLayer: 0
  m_StaticEditorFlags: 0
  m_IsActive: 1
--- !u!4 &996258572
Transform:
  m_ObjectHideFlags: 0
  m_PrefabParentObject: {fileID: 472398, guid: a4d020d60b18649af92bb2a05e00d513, type: 2}
  m_PrefabInternal: {fileID: 1259695508}
  m_GameObject: {fileID: 996258571}
  m_LocalRotation: {x: 0, y: 0.7071068, z: 0.7071068, w: 0}
  m_LocalPosition: {x: 0, y: 0, z: 0}
  m_LocalScale: {x: 1, y: 1, z: 1}
  m_Children: []
  m_Father: {fileID: 1626134257}
  m_RootOrder: 1
  m_LocalEulerAnglesHint: {x: 0, y: 0, z: 0}
--- !u!64 &996258573
MeshCollider:
  m_ObjectHideFlags: 0
  m_PrefabParentObject: {fileID: 6401870, guid: a4d020d60b18649af92bb2a05e00d513,
    type: 2}
  m_PrefabInternal: {fileID: 1259695508}
  m_GameObject: {fileID: 996258571}
  m_Material: {fileID: 0}
  m_IsTrigger: 0
  m_Enabled: 1
  serializedVersion: 2
  m_Convex: 0
  m_InflateMesh: 0
  m_SkinWidth: 0.01
  m_Mesh: {fileID: 4300000, guid: 3016c1d519731466ebd747543eef9970, type: 3}
--- !u!23 &996258574
MeshRenderer:
  m_ObjectHideFlags: 0
  m_PrefabParentObject: {fileID: 2372398, guid: a4d020d60b18649af92bb2a05e00d513,
    type: 2}
  m_PrefabInternal: {fileID: 1259695508}
  m_GameObject: {fileID: 996258571}
  m_Enabled: 1
  m_CastShadows: 1
  m_ReceiveShadows: 1
  m_DynamicOccludee: 1
  m_MotionVectors: 1
  m_LightProbeUsage: 0
  m_ReflectionProbeUsage: 1
  m_Materials:
  - {fileID: 2100000, guid: 3386ea1f916284d438a5d95882e39fd6, type: 2}
  - {fileID: 2100000, guid: 2e6761ef29bab414093fbcc3d8b98559, type: 2}
  - {fileID: 2100000, guid: 179503e6ea7a5414da971761ed8ad6a1, type: 2}
  m_StaticBatchInfo:
    firstSubMesh: 0
    subMeshCount: 0
  m_StaticBatchRoot: {fileID: 0}
  m_ProbeAnchor: {fileID: 0}
  m_LightProbeVolumeOverride: {fileID: 0}
  m_ScaleInLightmap: 1
  m_PreserveUVs: 0
  m_IgnoreNormalsForChartDetection: 0
  m_ImportantGI: 0
  m_StitchLightmapSeams: 0
  m_SelectedEditorRenderState: 3
  m_MinimumChartSize: 4
  m_AutoUVMaxDistance: 0.5
  m_AutoUVMaxAngle: 89
  m_LightmapParameters: {fileID: 0}
  m_SortingLayerID: 0
  m_SortingLayer: 0
  m_SortingOrder: 0
--- !u!33 &996258575
MeshFilter:
  m_ObjectHideFlags: 0
  m_PrefabParentObject: {fileID: 3372398, guid: a4d020d60b18649af92bb2a05e00d513,
    type: 2}
  m_PrefabInternal: {fileID: 1259695508}
  m_GameObject: {fileID: 996258571}
  m_Mesh: {fileID: 4300000, guid: cca7a715222e33c49b541a5f7de8f6f2, type: 3}
--- !u!1 &1073846195
GameObject:
  m_ObjectHideFlags: 0
  m_PrefabParentObject: {fileID: 143670, guid: a4d020d60b18649af92bb2a05e00d513, type: 2}
  m_PrefabInternal: {fileID: 1259695508}
  serializedVersion: 5
  m_Component:
  - component: {fileID: 1073846196}
  - component: {fileID: 1073846197}
  m_Layer: 0
  m_Name: Point light
  m_TagString: Untagged
  m_Icon: {fileID: 0}
  m_NavMeshLayer: 0
  m_StaticEditorFlags: 0
  m_IsActive: 1
--- !u!4 &1073846196
Transform:
  m_ObjectHideFlags: 0
  m_PrefabParentObject: {fileID: 443670, guid: a4d020d60b18649af92bb2a05e00d513, type: 2}
  m_PrefabInternal: {fileID: 1259695508}
  m_GameObject: {fileID: 1073846195}
  m_LocalRotation: {x: 0, y: 0, z: 0, w: 1}
  m_LocalPosition: {x: -0.11163661, y: 1.1386985, z: 0.038274024}
  m_LocalScale: {x: 0.15948157, y: 0.15948159, z: 0.15948159}
  m_Children: []
  m_Father: {fileID: 303902664}
  m_RootOrder: 1
  m_LocalEulerAnglesHint: {x: 0, y: 0, z: 0}
--- !u!108 &1073846197
Light:
  m_ObjectHideFlags: 0
  m_PrefabParentObject: {fileID: 10843674, guid: a4d020d60b18649af92bb2a05e00d513,
    type: 2}
  m_PrefabInternal: {fileID: 1259695508}
  m_GameObject: {fileID: 1073846195}
  m_Enabled: 1
  serializedVersion: 8
  m_Type: 2
  m_Color: {r: 0.9632353, g: 0.17936105, b: 0, a: 1}
  m_Intensity: 0.84
  m_Range: 288.7775
  m_SpotAngle: 30
  m_CookieSize: 10
  m_Shadows:
    m_Type: 0
    m_Resolution: -1
    m_CustomResolution: -1
    m_Strength: 1
    m_Bias: 0.05
    m_NormalBias: 0.4
    m_NearPlane: 0.2
  m_Cookie: {fileID: 0}
  m_DrawHalo: 0
  m_Flare: {fileID: 0}
  m_RenderMode: 0
  m_CullingMask:
    serializedVersion: 2
    m_Bits: 4294967295
  m_Lightmapping: 1
  m_AreaSize: {x: 1, y: 1}
  m_BounceIntensity: 1
  m_ColorTemperature: 6570
  m_UseColorTemperature: 0
  m_ShadowRadius: 0
  m_ShadowAngle: 0
--- !u!1 &1078860924
GameObject:
  m_ObjectHideFlags: 0
  m_PrefabParentObject: {fileID: 101872, guid: a4d020d60b18649af92bb2a05e00d513, type: 2}
  m_PrefabInternal: {fileID: 1259695508}
  serializedVersion: 5
  m_Component:
  - component: {fileID: 1078860925}
  - component: {fileID: 1078860928}
  - component: {fileID: 1078860927}
  - component: {fileID: 1078860926}
  m_Layer: 0
  m_Name: AllSky_DemoEnvironment_Light
  m_TagString: Untagged
  m_Icon: {fileID: 0}
  m_NavMeshLayer: 0
  m_StaticEditorFlags: 0
  m_IsActive: 1
--- !u!4 &1078860925
Transform:
  m_ObjectHideFlags: 0
  m_PrefabParentObject: {fileID: 401872, guid: a4d020d60b18649af92bb2a05e00d513, type: 2}
  m_PrefabInternal: {fileID: 1259695508}
  m_GameObject: {fileID: 1078860924}
  m_LocalRotation: {x: -0.70356476, y: 0.07068687, z: 0.070686854, w: 0.70356476}
  m_LocalPosition: {x: 5.1, y: 18.93, z: 66.29}
  m_LocalScale: {x: 1, y: 1, z: 1}
  m_Children: []
  m_Father: {fileID: 1626134257}
  m_RootOrder: 9
  m_LocalEulerAnglesHint: {x: 0, y: 0, z: 0}
--- !u!95 &1078860926
Animator:
  serializedVersion: 3
  m_ObjectHideFlags: 0
  m_PrefabParentObject: {fileID: 9501872, guid: a4d020d60b18649af92bb2a05e00d513,
    type: 2}
  m_PrefabInternal: {fileID: 1259695508}
  m_GameObject: {fileID: 1078860924}
  m_Enabled: 1
  m_Avatar: {fileID: 9000000, guid: a86608a16093647c082aa3ccf69d2558, type: 3}
  m_Controller: {fileID: 0}
  m_CullingMode: 0
  m_UpdateMode: 0
  m_ApplyRootMotion: 1
  m_LinearVelocityBlending: 0
  m_WarningMessage: 
  m_HasTransformHierarchy: 1
  m_AllowConstantClipSamplingOptimization: 1
--- !u!23 &1078860927
MeshRenderer:
  m_ObjectHideFlags: 0
  m_PrefabParentObject: {fileID: 2301872, guid: a4d020d60b18649af92bb2a05e00d513,
    type: 2}
  m_PrefabInternal: {fileID: 1259695508}
  m_GameObject: {fileID: 1078860924}
  m_Enabled: 1
  m_CastShadows: 1
  m_ReceiveShadows: 1
  m_DynamicOccludee: 1
  m_MotionVectors: 1
  m_LightProbeUsage: 0
  m_ReflectionProbeUsage: 1
  m_Materials:
  - {fileID: 2100000, guid: 05aa87d4636d34850a6f48daedd1b55c, type: 2}
  - {fileID: 2100000, guid: a7f9f8058b27648f4ba9ed54ced4ac00, type: 2}
  m_StaticBatchInfo:
    firstSubMesh: 0
    subMeshCount: 0
  m_StaticBatchRoot: {fileID: 0}
  m_ProbeAnchor: {fileID: 0}
  m_LightProbeVolumeOverride: {fileID: 0}
  m_ScaleInLightmap: 1
  m_PreserveUVs: 0
  m_IgnoreNormalsForChartDetection: 0
  m_ImportantGI: 0
  m_StitchLightmapSeams: 0
  m_SelectedEditorRenderState: 3
  m_MinimumChartSize: 4
  m_AutoUVMaxDistance: 0.5
  m_AutoUVMaxAngle: 89
  m_LightmapParameters: {fileID: 0}
  m_SortingLayerID: 0
  m_SortingLayer: 0
  m_SortingOrder: 0
--- !u!33 &1078860928
MeshFilter:
  m_ObjectHideFlags: 0
  m_PrefabParentObject: {fileID: 3301872, guid: a4d020d60b18649af92bb2a05e00d513,
    type: 2}
  m_PrefabInternal: {fileID: 1259695508}
  m_GameObject: {fileID: 1078860924}
  m_Mesh: {fileID: 4300000, guid: a86608a16093647c082aa3ccf69d2558, type: 3}
--- !u!1 &1092533827
GameObject:
  m_ObjectHideFlags: 0
  m_PrefabParentObject: {fileID: 111518, guid: a4d020d60b18649af92bb2a05e00d513, type: 2}
  m_PrefabInternal: {fileID: 1259695508}
  serializedVersion: 5
  m_Component:
  - component: {fileID: 1092533828}
  - component: {fileID: 1092533831}
  - component: {fileID: 1092533830}
  - component: {fileID: 1092533829}
  m_Layer: 0
  m_Name: AllSky_DemoEnvironment_Light
  m_TagString: Untagged
  m_Icon: {fileID: 0}
  m_NavMeshLayer: 0
  m_StaticEditorFlags: 0
  m_IsActive: 1
--- !u!4 &1092533828
Transform:
  m_ObjectHideFlags: 0
  m_PrefabParentObject: {fileID: 411518, guid: a4d020d60b18649af92bb2a05e00d513, type: 2}
  m_PrefabInternal: {fileID: 1259695508}
  m_GameObject: {fileID: 1092533827}
  m_LocalRotation: {x: -0.70356476, y: 0.07068698, z: 0.07068698, w: 0.70356476}
  m_LocalPosition: {x: -11.66, y: 18.94, z: -50.71}
  m_LocalScale: {x: 1, y: 1, z: 1}
  m_Children: []
  m_Father: {fileID: 1626134257}
  m_RootOrder: 10
  m_LocalEulerAnglesHint: {x: 0, y: 0, z: 0}
--- !u!95 &1092533829
Animator:
  serializedVersion: 3
  m_ObjectHideFlags: 0
  m_PrefabParentObject: {fileID: 9511522, guid: a4d020d60b18649af92bb2a05e00d513,
    type: 2}
  m_PrefabInternal: {fileID: 1259695508}
  m_GameObject: {fileID: 1092533827}
  m_Enabled: 1
  m_Avatar: {fileID: 9000000, guid: a86608a16093647c082aa3ccf69d2558, type: 3}
  m_Controller: {fileID: 0}
  m_CullingMode: 0
  m_UpdateMode: 0
  m_ApplyRootMotion: 1
  m_LinearVelocityBlending: 0
  m_WarningMessage: 
  m_HasTransformHierarchy: 1
  m_AllowConstantClipSamplingOptimization: 1
--- !u!23 &1092533830
MeshRenderer:
  m_ObjectHideFlags: 0
  m_PrefabParentObject: {fileID: 2311522, guid: a4d020d60b18649af92bb2a05e00d513,
    type: 2}
  m_PrefabInternal: {fileID: 1259695508}
  m_GameObject: {fileID: 1092533827}
  m_Enabled: 1
  m_CastShadows: 1
  m_ReceiveShadows: 1
  m_DynamicOccludee: 1
  m_MotionVectors: 1
  m_LightProbeUsage: 0
  m_ReflectionProbeUsage: 1
  m_Materials:
  - {fileID: 2100000, guid: 05aa87d4636d34850a6f48daedd1b55c, type: 2}
  - {fileID: 2100000, guid: a7f9f8058b27648f4ba9ed54ced4ac00, type: 2}
  m_StaticBatchInfo:
    firstSubMesh: 0
    subMeshCount: 0
  m_StaticBatchRoot: {fileID: 0}
  m_ProbeAnchor: {fileID: 0}
  m_LightProbeVolumeOverride: {fileID: 0}
  m_ScaleInLightmap: 1
  m_PreserveUVs: 0
  m_IgnoreNormalsForChartDetection: 0
  m_ImportantGI: 0
  m_StitchLightmapSeams: 0
  m_SelectedEditorRenderState: 3
  m_MinimumChartSize: 4
  m_AutoUVMaxDistance: 0.5
  m_AutoUVMaxAngle: 89
  m_LightmapParameters: {fileID: 0}
  m_SortingLayerID: 0
  m_SortingLayer: 0
  m_SortingOrder: 0
--- !u!33 &1092533831
MeshFilter:
  m_ObjectHideFlags: 0
  m_PrefabParentObject: {fileID: 3311522, guid: a4d020d60b18649af92bb2a05e00d513,
    type: 2}
  m_PrefabInternal: {fileID: 1259695508}
  m_GameObject: {fileID: 1092533827}
  m_Mesh: {fileID: 4300000, guid: a86608a16093647c082aa3ccf69d2558, type: 3}
--- !u!1 &1192864539
GameObject:
  m_ObjectHideFlags: 0
  m_PrefabParentObject: {fileID: 0}
  m_PrefabInternal: {fileID: 0}
  serializedVersion: 5
  m_Component:
  - component: {fileID: 1192864541}
  - component: {fileID: 1192864540}
  m_Layer: 0
  m_Name: Directional light
  m_TagString: Untagged
  m_Icon: {fileID: 0}
  m_NavMeshLayer: 0
  m_StaticEditorFlags: 0
  m_IsActive: 1
--- !u!108 &1192864540
Light:
  m_ObjectHideFlags: 0
  m_PrefabParentObject: {fileID: 0}
  m_PrefabInternal: {fileID: 0}
  m_GameObject: {fileID: 1192864539}
  m_Enabled: 1
  serializedVersion: 8
  m_Type: 1
  m_Color: {r: 0.21372189, g: 0.3427248, b: 0.49264705, a: 1}
  m_Intensity: 0.80947083
  m_Range: 10
  m_SpotAngle: 30
  m_CookieSize: 10
  m_Shadows:
    m_Type: 1
    m_Resolution: -1
    m_CustomResolution: -1
    m_Strength: 1
    m_Bias: 2
    m_NormalBias: 0
    m_NearPlane: 0.2
  m_Cookie: {fileID: 0}
  m_DrawHalo: 0
  m_Flare: {fileID: 0}
  m_RenderMode: 0
  m_CullingMask:
    serializedVersion: 2
    m_Bits: 4294967295
  m_Lightmapping: 1
  m_AreaSize: {x: 1, y: 1}
  m_BounceIntensity: 1
  m_ColorTemperature: 6570
  m_UseColorTemperature: 0
  m_ShadowRadius: 0
  m_ShadowAngle: 0
--- !u!4 &1192864541
Transform:
  m_ObjectHideFlags: 0
  m_PrefabParentObject: {fileID: 0}
  m_PrefabInternal: {fileID: 0}
  m_GameObject: {fileID: 1192864539}
  m_LocalRotation: {x: 0.96821797, y: -0.1057113, z: 0.007880877, w: 0.22653264}
  m_LocalPosition: {x: 0.532, y: 5.679, z: 4.574}
  m_LocalScale: {x: 1, y: 1, z: 1}
  m_Children: []
  m_Father: {fileID: 0}
  m_RootOrder: 0
  m_LocalEulerAnglesHint: {x: 0, y: 0, z: 0}
--- !u!1001 &1259695508
Prefab:
  m_ObjectHideFlags: 0
  serializedVersion: 2
  m_Modification:
    m_TransformParent: {fileID: 0}
    m_Modifications:
    - target: {fileID: 459908, guid: a4d020d60b18649af92bb2a05e00d513, type: 2}
      propertyPath: m_LocalPosition.x
      value: -0
      objectReference: {fileID: 0}
    - target: {fileID: 459908, guid: a4d020d60b18649af92bb2a05e00d513, type: 2}
      propertyPath: m_LocalPosition.y
      value: 0
      objectReference: {fileID: 0}
    - target: {fileID: 459908, guid: a4d020d60b18649af92bb2a05e00d513, type: 2}
      propertyPath: m_LocalPosition.z
      value: 0
      objectReference: {fileID: 0}
    - target: {fileID: 459908, guid: a4d020d60b18649af92bb2a05e00d513, type: 2}
      propertyPath: m_LocalRotation.x
      value: 0
      objectReference: {fileID: 0}
    - target: {fileID: 459908, guid: a4d020d60b18649af92bb2a05e00d513, type: 2}
      propertyPath: m_LocalRotation.y
      value: 0
      objectReference: {fileID: 0}
    - target: {fileID: 459908, guid: a4d020d60b18649af92bb2a05e00d513, type: 2}
      propertyPath: m_LocalRotation.z
      value: 0
      objectReference: {fileID: 0}
    - target: {fileID: 459908, guid: a4d020d60b18649af92bb2a05e00d513, type: 2}
      propertyPath: m_LocalRotation.w
      value: 1
      objectReference: {fileID: 0}
    - target: {fileID: 459908, guid: a4d020d60b18649af92bb2a05e00d513, type: 2}
      propertyPath: m_RootOrder
      value: 1
      objectReference: {fileID: 0}
    - target: {fileID: 159908, guid: a4d020d60b18649af92bb2a05e00d513, type: 2}
      propertyPath: m_IsActive
      value: 1
      objectReference: {fileID: 0}
    m_RemovedComponents: []
  m_ParentPrefab: {fileID: 100100000, guid: a4d020d60b18649af92bb2a05e00d513, type: 2}
  m_RootGameObject: {fileID: 1626134256}
  m_IsPrefabParent: 0
--- !u!1 &1285083808
GameObject:
  m_ObjectHideFlags: 0
  m_PrefabParentObject: {fileID: 135272, guid: 0f1bb6c00f49e47b4b8c078bd9c1bf14, type: 2}
  m_PrefabInternal: {fileID: 441542744}
  serializedVersion: 5
  m_Component:
  - component: {fileID: 1285083810}
  - component: {fileID: 1285083809}
  m_Layer: 0
  m_Name: MoonGlow
  m_TagString: Untagged
  m_Icon: {fileID: 0}
  m_NavMeshLayer: 0
  m_StaticEditorFlags: 0
  m_IsActive: 1
--- !u!123 &1285083809
LensFlare:
  m_ObjectHideFlags: 0
  m_PrefabParentObject: {fileID: 12335272, guid: 0f1bb6c00f49e47b4b8c078bd9c1bf14,
    type: 2}
  m_PrefabInternal: {fileID: 441542744}
  m_GameObject: {fileID: 1285083808}
  m_Enabled: 1
  m_Flare: {fileID: 12100000, guid: 241af96f1ab544ef09a3a66d01d8c862, type: 2}
  m_Color: {r: 0.18555364, g: 0.24359868, b: 0.32352942, a: 1}
  m_Brightness: 1
  m_FadeSpeed: 0.1
  m_IgnoreLayers:
    serializedVersion: 2
    m_Bits: 6
  m_Directional: 0
--- !u!4 &1285083810
Transform:
  m_ObjectHideFlags: 0
  m_PrefabParentObject: {fileID: 435272, guid: 0f1bb6c00f49e47b4b8c078bd9c1bf14, type: 2}
  m_PrefabInternal: {fileID: 441542744}
  m_GameObject: {fileID: 1285083808}
  m_LocalRotation: {x: 0, y: 0, z: 0, w: 1}
  m_LocalPosition: {x: 669, y: 8531, z: 14410}
  m_LocalScale: {x: 1, y: 1, z: 1}
  m_Children: []
  m_Father: {fileID: 0}
  m_RootOrder: 2
  m_LocalEulerAnglesHint: {x: 0, y: 0, z: 0}
--- !u!1 &1299371021
GameObject:
  m_ObjectHideFlags: 0
  m_PrefabParentObject: {fileID: 154384, guid: a4d020d60b18649af92bb2a05e00d513, type: 2}
  m_PrefabInternal: {fileID: 1259695508}
  serializedVersion: 5
  m_Component:
  - component: {fileID: 1299371022}
  - component: {fileID: 1299371023}
  m_Layer: 0
  m_Name: Point light
  m_TagString: Untagged
  m_Icon: {fileID: 0}
  m_NavMeshLayer: 0
  m_StaticEditorFlags: 0
  m_IsActive: 1
--- !u!4 &1299371022
Transform:
  m_ObjectHideFlags: 0
  m_PrefabParentObject: {fileID: 454384, guid: a4d020d60b18649af92bb2a05e00d513, type: 2}
  m_PrefabInternal: {fileID: 1259695508}
  m_GameObject: {fileID: 1299371021}
  m_LocalRotation: {x: 0, y: 0, z: 0, w: 1}
  m_LocalPosition: {x: -3.3, y: 18.2, z: -44.7}
  m_LocalScale: {x: 1, y: 1, z: 1}
  m_Children: []
  m_Father: {fileID: 1626134257}
  m_RootOrder: 4
  m_LocalEulerAnglesHint: {x: 0, y: 0, z: 0}
--- !u!108 &1299371023
Light:
  m_ObjectHideFlags: 0
  m_PrefabParentObject: {fileID: 10854384, guid: a4d020d60b18649af92bb2a05e00d513,
    type: 2}
  m_PrefabInternal: {fileID: 1259695508}
  m_GameObject: {fileID: 1299371021}
  m_Enabled: 1
  serializedVersion: 8
  m_Type: 2
  m_Color: {r: 1, g: 0.5939148, b: 0.33088237, a: 1}
  m_Intensity: 0.79774064
  m_Range: 69.46
  m_SpotAngle: 30
  m_CookieSize: 10
  m_Shadows:
    m_Type: 0
    m_Resolution: -1
    m_CustomResolution: -1
    m_Strength: 1
    m_Bias: 0.05
    m_NormalBias: 0.4
    m_NearPlane: 0.2
  m_Cookie: {fileID: 0}
  m_DrawHalo: 0
  m_Flare: {fileID: 0}
  m_RenderMode: 0
  m_CullingMask:
    serializedVersion: 2
    m_Bits: 4294967295
  m_Lightmapping: 1
  m_AreaSize: {x: 1, y: 1}
  m_BounceIntensity: 1
  m_ColorTemperature: 6570
  m_UseColorTemperature: 0
  m_ShadowRadius: 0
  m_ShadowAngle: 0
--- !u!1 &1396710926
GameObject:
  m_ObjectHideFlags: 0
  m_PrefabParentObject: {fileID: 143674, guid: a4d020d60b18649af92bb2a05e00d513, type: 2}
  m_PrefabInternal: {fileID: 1259695508}
  serializedVersion: 5
  m_Component:
  - component: {fileID: 1396710927}
  - component: {fileID: 1396710928}
  m_Layer: 0
  m_Name: MountainGlow
  m_TagString: Untagged
  m_Icon: {fileID: 0}
  m_NavMeshLayer: 0
  m_StaticEditorFlags: 0
  m_IsActive: 1
--- !u!4 &1396710927
Transform:
  m_ObjectHideFlags: 0
  m_PrefabParentObject: {fileID: 443674, guid: a4d020d60b18649af92bb2a05e00d513, type: 2}
  m_PrefabInternal: {fileID: 1259695508}
  m_GameObject: {fileID: 1396710926}
  m_LocalRotation: {x: 0, y: 0, z: 0, w: 1}
  m_LocalPosition: {x: 0, y: 0.61, z: 0}
  m_LocalScale: {x: 0.06934206, y: 0.06934206, z: 0.06934206}
  m_Children: []
  m_Father: {fileID: 303902664}
  m_RootOrder: 0
  m_LocalEulerAnglesHint: {x: 0, y: 0, z: 0}
--- !u!123 &1396710928
LensFlare:
  m_ObjectHideFlags: 0
  m_PrefabParentObject: {fileID: 12343674, guid: a4d020d60b18649af92bb2a05e00d513,
    type: 2}
  m_PrefabInternal: {fileID: 1259695508}
  m_GameObject: {fileID: 1396710926}
  m_Enabled: 1
  m_Flare: {fileID: 12100000, guid: 4bd4faf9a6beb484485deba5aeb62c81, type: 2}
  m_Color: {r: 0.8235294, g: 0.15334684, b: 0, a: 1}
  m_Brightness: 0.2
  m_FadeSpeed: 0.1
  m_IgnoreLayers:
    serializedVersion: 2
    m_Bits: 6
  m_Directional: 0
--- !u!1 &1579689645
GameObject:
  m_ObjectHideFlags: 0
  m_PrefabParentObject: {fileID: 111520, guid: a4d020d60b18649af92bb2a05e00d513, type: 2}
  m_PrefabInternal: {fileID: 1259695508}
  serializedVersion: 5
  m_Component:
  - component: {fileID: 1579689646}
  - component: {fileID: 1579689647}
  m_Layer: 0
  m_Name: Point light
  m_TagString: Untagged
  m_Icon: {fileID: 0}
  m_NavMeshLayer: 0
  m_StaticEditorFlags: 0
  m_IsActive: 1
--- !u!4 &1579689646
Transform:
  m_ObjectHideFlags: 0
  m_PrefabParentObject: {fileID: 411520, guid: a4d020d60b18649af92bb2a05e00d513, type: 2}
  m_PrefabInternal: {fileID: 1259695508}
  m_GameObject: {fileID: 1579689645}
  m_LocalRotation: {x: 0, y: 0, z: 0, w: 1}
  m_LocalPosition: {x: -4.31, y: 20.03, z: -65.59}
  m_LocalScale: {x: 1, y: 1, z: 1}
  m_Children: []
  m_Father: {fileID: 1626134257}
  m_RootOrder: 6
  m_LocalEulerAnglesHint: {x: 0, y: 0, z: 0}
--- !u!108 &1579689647
Light:
  m_ObjectHideFlags: 0
  m_PrefabParentObject: {fileID: 10811522, guid: a4d020d60b18649af92bb2a05e00d513,
    type: 2}
  m_PrefabInternal: {fileID: 1259695508}
  m_GameObject: {fileID: 1579689645}
  m_Enabled: 1
  serializedVersion: 8
  m_Type: 2
  m_Color: {r: 1, g: 0.5939148, b: 0.33088237, a: 1}
  m_Intensity: 0.79774064
  m_Range: 69.46
  m_SpotAngle: 30
  m_CookieSize: 10
  m_Shadows:
    m_Type: 0
    m_Resolution: -1
    m_CustomResolution: -1
    m_Strength: 1
    m_Bias: 0.05
    m_NormalBias: 0.4
    m_NearPlane: 0.2
  m_Cookie: {fileID: 0}
  m_DrawHalo: 0
  m_Flare: {fileID: 0}
  m_RenderMode: 0
  m_CullingMask:
    serializedVersion: 2
    m_Bits: 4294967295
  m_Lightmapping: 1
  m_AreaSize: {x: 1, y: 1}
  m_BounceIntensity: 1
  m_ColorTemperature: 6570
  m_UseColorTemperature: 0
  m_ShadowRadius: 0
  m_ShadowAngle: 0
--- !u!1 &1581884270
GameObject:
  m_ObjectHideFlags: 0
  m_PrefabParentObject: {fileID: 181006, guid: a4d020d60b18649af92bb2a05e00d513, type: 2}
  m_PrefabInternal: {fileID: 1259695508}
  serializedVersion: 5
  m_Component:
  - component: {fileID: 1581884271}
  - component: {fileID: 1581884272}
  m_Layer: 0
  m_Name: Point light
  m_TagString: Untagged
  m_Icon: {fileID: 0}
  m_NavMeshLayer: 0
  m_StaticEditorFlags: 0
  m_IsActive: 1
--- !u!4 &1581884271
Transform:
  m_ObjectHideFlags: 0
  m_PrefabParentObject: {fileID: 481006, guid: a4d020d60b18649af92bb2a05e00d513, type: 2}
  m_PrefabInternal: {fileID: 1259695508}
  m_GameObject: {fileID: 1581884270}
  m_LocalRotation: {x: 0, y: 0, z: 0, w: 1}
  m_LocalPosition: {x: -0.11163661, y: 1.1386985, z: 0.038274024}
  m_LocalScale: {x: 0.15948157, y: 0.15948159, z: 0.15948159}
  m_Children: []
  m_Father: {fileID: 249437190}
  m_RootOrder: 1
  m_LocalEulerAnglesHint: {x: 0, y: 0, z: 0}
--- !u!108 &1581884272
Light:
  m_ObjectHideFlags: 0
  m_PrefabParentObject: {fileID: 10881006, guid: a4d020d60b18649af92bb2a05e00d513,
    type: 2}
  m_PrefabInternal: {fileID: 1259695508}
  m_GameObject: {fileID: 1581884270}
  m_Enabled: 1
  serializedVersion: 8
  m_Type: 2
  m_Color: {r: 0.9632353, g: 0.17936105, b: 0, a: 1}
  m_Intensity: 0.84
  m_Range: 288.7775
  m_SpotAngle: 30
  m_CookieSize: 10
  m_Shadows:
    m_Type: 0
    m_Resolution: -1
    m_CustomResolution: -1
    m_Strength: 1
    m_Bias: 0.05
    m_NormalBias: 0.4
    m_NearPlane: 0.2
  m_Cookie: {fileID: 0}
  m_DrawHalo: 0
  m_Flare: {fileID: 0}
  m_RenderMode: 0
  m_CullingMask:
    serializedVersion: 2
    m_Bits: 4294967295
  m_Lightmapping: 1
  m_AreaSize: {x: 1, y: 1}
  m_BounceIntensity: 1
  m_ColorTemperature: 6570
  m_UseColorTemperature: 0
  m_ShadowRadius: 0
  m_ShadowAngle: 0
--- !u!1 &1587325256
GameObject:
  m_ObjectHideFlags: 0
  m_PrefabParentObject: {fileID: 124196, guid: a4d020d60b18649af92bb2a05e00d513, type: 2}
  m_PrefabInternal: {fileID: 1259695508}
  serializedVersion: 5
  m_Component:
  - component: {fileID: 1587325257}
  - component: {fileID: 1587325258}
  m_Layer: 0
  m_Name: Point light
  m_TagString: Untagged
  m_Icon: {fileID: 0}
  m_NavMeshLayer: 0
  m_StaticEditorFlags: 0
  m_IsActive: 1
--- !u!4 &1587325257
Transform:
  m_ObjectHideFlags: 0
  m_PrefabParentObject: {fileID: 424196, guid: a4d020d60b18649af92bb2a05e00d513, type: 2}
  m_PrefabInternal: {fileID: 1259695508}
  m_GameObject: {fileID: 1587325256}
  m_LocalRotation: {x: 0, y: 0, z: 0, w: 1}
  m_LocalPosition: {x: -0.11163661, y: 1.1386985, z: 0.038274024}
  m_LocalScale: {x: 0.15948157, y: 0.15948159, z: 0.15948159}
  m_Children: []
  m_Father: {fileID: 466266999}
  m_RootOrder: 1
  m_LocalEulerAnglesHint: {x: 0, y: 0, z: 0}
--- !u!108 &1587325258
Light:
  m_ObjectHideFlags: 0
  m_PrefabParentObject: {fileID: 10824192, guid: a4d020d60b18649af92bb2a05e00d513,
    type: 2}
  m_PrefabInternal: {fileID: 1259695508}
  m_GameObject: {fileID: 1587325256}
  m_Enabled: 1
  serializedVersion: 8
  m_Type: 2
  m_Color: {r: 0.9632353, g: 0.17936105, b: 0, a: 1}
  m_Intensity: 0.84
  m_Range: 288.7775
  m_SpotAngle: 30
  m_CookieSize: 10
  m_Shadows:
    m_Type: 0
    m_Resolution: -1
    m_CustomResolution: -1
    m_Strength: 1
    m_Bias: 0.05
    m_NormalBias: 0.4
    m_NearPlane: 0.2
  m_Cookie: {fileID: 0}
  m_DrawHalo: 0
  m_Flare: {fileID: 0}
  m_RenderMode: 0
  m_CullingMask:
    serializedVersion: 2
    m_Bits: 4294967295
  m_Lightmapping: 1
  m_AreaSize: {x: 1, y: 1}
  m_BounceIntensity: 1
  m_ColorTemperature: 6570
  m_UseColorTemperature: 0
  m_ShadowRadius: 0
  m_ShadowAngle: 0
--- !u!1 &1625263363
GameObject:
  m_ObjectHideFlags: 0
  m_PrefabParentObject: {fileID: 118418, guid: a4d020d60b18649af92bb2a05e00d513, type: 2}
  m_PrefabInternal: {fileID: 1259695508}
  serializedVersion: 5
  m_Component:
  - component: {fileID: 1625263364}
  - component: {fileID: 1625263366}
  - component: {fileID: 1625263365}
  m_Layer: 5
  m_Name: AllSkyLogo
  m_TagString: Untagged
  m_Icon: {fileID: 0}
  m_NavMeshLayer: 0
  m_StaticEditorFlags: 0
  m_IsActive: 1
--- !u!224 &1625263364
RectTransform:
  m_ObjectHideFlags: 0
  m_PrefabParentObject: {fileID: 22418418, guid: a4d020d60b18649af92bb2a05e00d513,
    type: 2}
  m_PrefabInternal: {fileID: 1259695508}
  m_GameObject: {fileID: 1625263363}
  m_LocalRotation: {x: 0, y: 0, z: 0, w: 1}
  m_LocalPosition: {x: -449.04446, y: -263.9, z: 0}
  m_LocalScale: {x: 2, y: 1, z: 1}
  m_Children: []
  m_Father: {fileID: 807964382}
  m_RootOrder: 3
  m_LocalEulerAnglesHint: {x: 0, y: 0, z: 0}
  m_AnchorMin: {x: 0, y: 0}
  m_AnchorMax: {x: 0, y: 0}
  m_AnchoredPosition: {x: 99.4, y: 44.6}
  m_SizeDelta: {x: 100, y: 100}
  m_Pivot: {x: 0.5, y: 0.5}
--- !u!114 &1625263365
MonoBehaviour:
  m_ObjectHideFlags: 0
  m_PrefabParentObject: {fileID: 11418418, guid: a4d020d60b18649af92bb2a05e00d513,
    type: 2}
  m_PrefabInternal: {fileID: 1259695508}
  m_GameObject: {fileID: 1625263363}
  m_Enabled: 1
  m_EditorHideFlags: 0
  m_Script: {fileID: -765806418, guid: f5f67c52d1564df4a8936ccd202a3bd8, type: 3}
  m_Name: 
  m_EditorClassIdentifier: 
  m_Material: {fileID: 2100000, guid: aa556f6275fc744de969c712a17350e7, type: 2}
  m_Color: {r: 1, g: 1, b: 1, a: 1}
  m_RaycastTarget: 1
  m_OnCullStateChanged:
    m_PersistentCalls:
      m_Calls: []
    m_TypeName: UnityEngine.UI.MaskableGraphic+CullStateChangedEvent, UnityEngine.UI,
      Version=1.0.0.0, Culture=neutral, PublicKeyToken=null
  m_Sprite: {fileID: 21300000, guid: a5075efb0c5504a389b38cf795aabf4c, type: 3}
  m_Type: 0
  m_PreserveAspect: 0
  m_FillCenter: 1
  m_FillMethod: 4
  m_FillAmount: 1
  m_FillClockwise: 1
  m_FillOrigin: 0
--- !u!222 &1625263366
CanvasRenderer:
  m_ObjectHideFlags: 0
  m_PrefabParentObject: {fileID: 22218418, guid: a4d020d60b18649af92bb2a05e00d513,
    type: 2}
  m_PrefabInternal: {fileID: 1259695508}
  m_GameObject: {fileID: 1625263363}
--- !u!1 &1626134256
GameObject:
  m_ObjectHideFlags: 0
  m_PrefabParentObject: {fileID: 159908, guid: a4d020d60b18649af92bb2a05e00d513, type: 2}
  m_PrefabInternal: {fileID: 1259695508}
  serializedVersion: 5
  m_Component:
  - component: {fileID: 1626134257}
  m_Layer: 0
  m_Name: AllSkyDemoEnvironment_Unity4
  m_TagString: Untagged
  m_Icon: {fileID: 0}
  m_NavMeshLayer: 0
  m_StaticEditorFlags: 0
  m_IsActive: 1
--- !u!4 &1626134257
Transform:
  m_ObjectHideFlags: 0
  m_PrefabParentObject: {fileID: 459908, guid: a4d020d60b18649af92bb2a05e00d513, type: 2}
  m_PrefabInternal: {fileID: 1259695508}
  m_GameObject: {fileID: 1626134256}
  m_LocalRotation: {x: 0, y: 0, z: 0, w: 1}
  m_LocalPosition: {x: -0, y: 0, z: 0}
  m_LocalScale: {x: 1, y: 1, z: 1}
  m_Children:
  - {fileID: 2130074292}
  - {fileID: 996258572}
  - {fileID: 413904305}
  - {fileID: 610526309}
  - {fileID: 1299371022}
  - {fileID: 1848999145}
  - {fileID: 1579689646}
  - {fileID: 1794138391}
  - {fileID: 2037072371}
  - {fileID: 1078860925}
  - {fileID: 1092533828}
  - {fileID: 221501295}
  - {fileID: 148253023}
  - {fileID: 1942901752}
  - {fileID: 539855251}
  - {fileID: 1826437046}
  - {fileID: 303902664}
  - {fileID: 249437190}
  - {fileID: 466266999}
  - {fileID: 807964382}
  m_Father: {fileID: 0}
  m_RootOrder: 1
  m_LocalEulerAnglesHint: {x: 0, y: 0, z: 0}
--- !u!1 &1696896774
GameObject:
  m_ObjectHideFlags: 0
  m_PrefabParentObject: {fileID: 165722, guid: a4d020d60b18649af92bb2a05e00d513, type: 2}
  m_PrefabInternal: {fileID: 1259695508}
  serializedVersion: 5
  m_Component:
  - component: {fileID: 1696896775}
  - component: {fileID: 1696896776}
  m_Layer: 0
  m_Name: MountainGlow
  m_TagString: Untagged
  m_Icon: {fileID: 0}
  m_NavMeshLayer: 0
  m_StaticEditorFlags: 0
  m_IsActive: 1
--- !u!4 &1696896775
Transform:
  m_ObjectHideFlags: 0
  m_PrefabParentObject: {fileID: 465722, guid: a4d020d60b18649af92bb2a05e00d513, type: 2}
  m_PrefabInternal: {fileID: 1259695508}
  m_GameObject: {fileID: 1696896774}
  m_LocalRotation: {x: 0, y: 0, z: 0, w: 1}
  m_LocalPosition: {x: 0, y: 0.61, z: 0}
  m_LocalScale: {x: 0.06934206, y: 0.06934206, z: 0.06934206}
  m_Children: []
  m_Father: {fileID: 249437190}
  m_RootOrder: 0
  m_LocalEulerAnglesHint: {x: 0, y: 0, z: 0}
--- !u!123 &1696896776
LensFlare:
  m_ObjectHideFlags: 0
  m_PrefabParentObject: {fileID: 12365722, guid: a4d020d60b18649af92bb2a05e00d513,
    type: 2}
  m_PrefabInternal: {fileID: 1259695508}
  m_GameObject: {fileID: 1696896774}
  m_Enabled: 1
  m_Flare: {fileID: 12100000, guid: 4bd4faf9a6beb484485deba5aeb62c81, type: 2}
  m_Color: {r: 0.8235294, g: 0.15334684, b: 0, a: 1}
  m_Brightness: 0.2
  m_FadeSpeed: 0.1
  m_IgnoreLayers:
    serializedVersion: 2
    m_Bits: 6
  m_Directional: 0
--- !u!1 &1784172138
GameObject:
  m_ObjectHideFlags: 0
  m_PrefabParentObject: {fileID: 118416, guid: a4d020d60b18649af92bb2a05e00d513, type: 2}
  m_PrefabInternal: {fileID: 1259695508}
  serializedVersion: 5
  m_Component:
  - component: {fileID: 1784172139}
  - component: {fileID: 1784172141}
  - component: {fileID: 1784172140}
  m_Layer: 5
  m_Name: Text_DemoEnv
  m_TagString: Untagged
  m_Icon: {fileID: 0}
  m_NavMeshLayer: 0
  m_StaticEditorFlags: 0
  m_IsActive: 1
--- !u!224 &1784172139
RectTransform:
  m_ObjectHideFlags: 0
  m_PrefabParentObject: {fileID: 22418416, guid: a4d020d60b18649af92bb2a05e00d513,
    type: 2}
  m_PrefabInternal: {fileID: 1259695508}
  m_GameObject: {fileID: 1784172138}
  m_LocalRotation: {x: 0, y: 0.00000041787274, z: 0, w: 1}
  m_LocalPosition: {x: -133.64447, y: -325.80005, z: 0.00020241861}
  m_LocalScale: {x: 1, y: 1, z: 1}
  m_Children: []
  m_Father: {fileID: 807964382}
  m_RootOrder: 2
  m_LocalEulerAnglesHint: {x: 0, y: 0, z: 0}
  m_AnchorMin: {x: 0, y: 0}
  m_AnchorMax: {x: 0, y: 0}
  m_AnchoredPosition: {x: 414.8, y: -17.300049}
  m_SizeDelta: {x: 800, y: 83}
  m_Pivot: {x: 0.5, y: 0.5}
--- !u!114 &1784172140
MonoBehaviour:
  m_ObjectHideFlags: 0
  m_PrefabParentObject: {fileID: 11418416, guid: a4d020d60b18649af92bb2a05e00d513,
    type: 2}
  m_PrefabInternal: {fileID: 1259695508}
  m_GameObject: {fileID: 1784172138}
  m_Enabled: 1
  m_EditorHideFlags: 0
  m_Script: {fileID: 708705254, guid: f5f67c52d1564df4a8936ccd202a3bd8, type: 3}
  m_Name: 
  m_EditorClassIdentifier: 
  m_Material: {fileID: 0}
  m_Color: {r: 1, g: 1, b: 1, a: 0.63529414}
  m_RaycastTarget: 1
  m_OnCullStateChanged:
    m_PersistentCalls:
      m_Calls: []
    m_TypeName: UnityEngine.UI.MaskableGraphic+CullStateChangedEvent, UnityEngine.UI,
      Version=1.0.0.0, Culture=neutral, PublicKeyToken=null
  m_FontData:
    m_Font: {fileID: 10102, guid: 0000000000000000e000000000000000, type: 0}
    m_FontSize: 14
    m_FontStyle: 0
    m_BestFit: 0
    m_MinSize: 10
    m_MaxSize: 40
    m_Alignment: 0
    m_AlignByGeometry: 0
    m_RichText: 1
    m_HorizontalOverflow: 0
    m_VerticalOverflow: 0
    m_LineSpacing: 1
  m_Text: Demo Environments (Deferred Render, Linear Lighting)
--- !u!222 &1784172141
CanvasRenderer:
  m_ObjectHideFlags: 0
  m_PrefabParentObject: {fileID: 22218416, guid: a4d020d60b18649af92bb2a05e00d513,
    type: 2}
  m_PrefabInternal: {fileID: 1259695508}
  m_GameObject: {fileID: 1784172138}
--- !u!1 &1794138390
GameObject:
  m_ObjectHideFlags: 0
  m_PrefabParentObject: {fileID: 111524, guid: a4d020d60b18649af92bb2a05e00d513, type: 2}
  m_PrefabInternal: {fileID: 1259695508}
  serializedVersion: 5
  m_Component:
  - component: {fileID: 1794138391}
  - component: {fileID: 1794138392}
  m_Layer: 0
  m_Name: Point light
  m_TagString: Untagged
  m_Icon: {fileID: 0}
  m_NavMeshLayer: 0
  m_StaticEditorFlags: 0
  m_IsActive: 1
--- !u!4 &1794138391
Transform:
  m_ObjectHideFlags: 0
  m_PrefabParentObject: {fileID: 411524, guid: a4d020d60b18649af92bb2a05e00d513, type: 2}
  m_PrefabInternal: {fileID: 1259695508}
  m_GameObject: {fileID: 1794138390}
  m_LocalRotation: {x: 0, y: 0, z: 0, w: 1}
  m_LocalPosition: {x: 72.14, y: 18.34, z: -12}
  m_LocalScale: {x: 1, y: 1, z: 1}
  m_Children: []
  m_Father: {fileID: 1626134257}
  m_RootOrder: 7
  m_LocalEulerAnglesHint: {x: 0, y: 0, z: 0}
--- !u!108 &1794138392
Light:
  m_ObjectHideFlags: 0
  m_PrefabParentObject: {fileID: 10811524, guid: a4d020d60b18649af92bb2a05e00d513,
    type: 2}
  m_PrefabInternal: {fileID: 1259695508}
  m_GameObject: {fileID: 1794138390}
  m_Enabled: 1
  serializedVersion: 8
  m_Type: 2
  m_Color: {r: 1, g: 0.5939148, b: 0.33088237, a: 1}
  m_Intensity: 0.79774064
  m_Range: 69.46
  m_SpotAngle: 30
  m_CookieSize: 10
  m_Shadows:
    m_Type: 0
    m_Resolution: -1
    m_CustomResolution: -1
    m_Strength: 1
    m_Bias: 0.05
    m_NormalBias: 0.4
    m_NearPlane: 0.2
  m_Cookie: {fileID: 0}
  m_DrawHalo: 0
  m_Flare: {fileID: 0}
  m_RenderMode: 0
  m_CullingMask:
    serializedVersion: 2
    m_Bits: 4294967295
  m_Lightmapping: 1
  m_AreaSize: {x: 1, y: 1}
  m_BounceIntensity: 1
  m_ColorTemperature: 6570
  m_UseColorTemperature: 0
  m_ShadowRadius: 0
  m_ShadowAngle: 0
--- !u!1 &1812287111
GameObject:
  m_ObjectHideFlags: 0
  m_PrefabParentObject: {fileID: 137552, guid: a4d020d60b18649af92bb2a05e00d513, type: 2}
  m_PrefabInternal: {fileID: 1259695508}
  serializedVersion: 5
  m_Component:
  - component: {fileID: 1812287112}
  - component: {fileID: 1812287114}
  - component: {fileID: 1812287113}
  m_Layer: 5
  m_Name: Text_SkyRes
  m_TagString: Untagged
  m_Icon: {fileID: 0}
  m_NavMeshLayer: 0
  m_StaticEditorFlags: 0
  m_IsActive: 0
--- !u!224 &1812287112
RectTransform:
  m_ObjectHideFlags: 0
  m_PrefabParentObject: {fileID: 22483558, guid: a4d020d60b18649af92bb2a05e00d513,
    type: 2}
  m_PrefabInternal: {fileID: 1259695508}
  m_GameObject: {fileID: 1812287111}
  m_LocalRotation: {x: 0, y: 0.00000041723246, z: 0, w: 1}
  m_LocalPosition: {x: 486.1444, y: -325.8001, z: -0.00018717097}
  m_LocalScale: {x: 1, y: 1, z: 1}
  m_Children: []
  m_Father: {fileID: 807964382}
  m_RootOrder: 1
  m_LocalEulerAnglesHint: {x: 0, y: 0, z: 0}
  m_AnchorMin: {x: 1, y: 0}
  m_AnchorMax: {x: 1, y: 0}
  m_AnchoredPosition: {x: -62.30005, y: -17.30011}
  m_SizeDelta: {x: 800, y: 83}
  m_Pivot: {x: 0.5, y: 0.5}
--- !u!114 &1812287113
MonoBehaviour:
  m_ObjectHideFlags: 0
  m_PrefabParentObject: {fileID: 11486782, guid: a4d020d60b18649af92bb2a05e00d513,
    type: 2}
  m_PrefabInternal: {fileID: 1259695508}
  m_GameObject: {fileID: 1812287111}
  m_Enabled: 1
  m_EditorHideFlags: 0
  m_Script: {fileID: 708705254, guid: f5f67c52d1564df4a8936ccd202a3bd8, type: 3}
  m_Name: 
  m_EditorClassIdentifier: 
  m_Material: {fileID: 0}
  m_Color: {r: 1, g: 1, b: 1, a: 0.63529414}
  m_RaycastTarget: 1
  m_OnCullStateChanged:
    m_PersistentCalls:
      m_Calls: []
    m_TypeName: UnityEngine.UI.MaskableGraphic+CullStateChangedEvent, UnityEngine.UI,
      Version=1.0.0.0, Culture=neutral, PublicKeyToken=null
  m_FontData:
    m_Font: {fileID: 10102, guid: 0000000000000000e000000000000000, type: 0}
    m_FontSize: 14
    m_FontStyle: 0
    m_BestFit: 0
    m_MinSize: 10
    m_MaxSize: 40
    m_Alignment: 0
    m_AlignByGeometry: 0
    m_RichText: 1
    m_HorizontalOverflow: 0
    m_VerticalOverflow: 0
    m_LineSpacing: 1
  m_Text: "Sky resolution can be increased on texture inspector panel.\x03"
--- !u!222 &1812287114
CanvasRenderer:
  m_ObjectHideFlags: 0
  m_PrefabParentObject: {fileID: 22275520, guid: a4d020d60b18649af92bb2a05e00d513,
    type: 2}
  m_PrefabInternal: {fileID: 1259695508}
  m_GameObject: {fileID: 1812287111}
--- !u!1 &1826437045
GameObject:
  m_ObjectHideFlags: 0
  m_PrefabParentObject: {fileID: 109848, guid: a4d020d60b18649af92bb2a05e00d513, type: 2}
  m_PrefabInternal: {fileID: 1259695508}
  serializedVersion: 5
  m_Component:
  - component: {fileID: 1826437046}
  - component: {fileID: 1826437047}
  m_Layer: 0
  m_Name: Point light
  m_TagString: Untagged
  m_Icon: {fileID: 0}
  m_NavMeshLayer: 0
  m_StaticEditorFlags: 0
  m_IsActive: 1
--- !u!4 &1826437046
Transform:
  m_ObjectHideFlags: 0
  m_PrefabParentObject: {fileID: 409848, guid: a4d020d60b18649af92bb2a05e00d513, type: 2}
  m_PrefabInternal: {fileID: 1259695508}
  m_GameObject: {fileID: 1826437045}
  m_LocalRotation: {x: 0, y: 0, z: 0, w: 1}
  m_LocalPosition: {x: -69.92, y: 17.68, z: 14.58}
  m_LocalScale: {x: 1, y: 1, z: 1}
  m_Children: []
  m_Father: {fileID: 1626134257}
  m_RootOrder: 15
  m_LocalEulerAnglesHint: {x: 0, y: 0, z: 0}
--- !u!108 &1826437047
Light:
  m_ObjectHideFlags: 0
  m_PrefabParentObject: {fileID: 10809848, guid: a4d020d60b18649af92bb2a05e00d513,
    type: 2}
  m_PrefabInternal: {fileID: 1259695508}
  m_GameObject: {fileID: 1826437045}
  m_Enabled: 1
  serializedVersion: 8
  m_Type: 2
  m_Color: {r: 1, g: 0.5939148, b: 0.33088237, a: 1}
  m_Intensity: 0.79774064
  m_Range: 69.46
  m_SpotAngle: 30
  m_CookieSize: 10
  m_Shadows:
    m_Type: 0
    m_Resolution: -1
    m_CustomResolution: -1
    m_Strength: 1
    m_Bias: 0.05
    m_NormalBias: 0.4
    m_NearPlane: 0.2
  m_Cookie: {fileID: 0}
  m_DrawHalo: 0
  m_Flare: {fileID: 0}
  m_RenderMode: 0
  m_CullingMask:
    serializedVersion: 2
    m_Bits: 4294967295
  m_Lightmapping: 1
  m_AreaSize: {x: 1, y: 1}
  m_BounceIntensity: 1
  m_ColorTemperature: 6570
  m_UseColorTemperature: 0
  m_ShadowRadius: 0
  m_ShadowAngle: 0
--- !u!1 &1839578208
GameObject:
  m_ObjectHideFlags: 0
  m_PrefabParentObject: {fileID: 159398, guid: a4d020d60b18649af92bb2a05e00d513, type: 2}
  m_PrefabInternal: {fileID: 1259695508}
  serializedVersion: 5
  m_Component:
  - component: {fileID: 1839578209}
  - component: {fileID: 1839578211}
  - component: {fileID: 1839578210}
  m_Layer: 5
  m_Name: HowToUpResSkies
  m_TagString: Untagged
  m_Icon: {fileID: 0}
  m_NavMeshLayer: 0
  m_StaticEditorFlags: 0
  m_IsActive: 0
--- !u!224 &1839578209
RectTransform:
  m_ObjectHideFlags: 0
  m_PrefabParentObject: {fileID: 22459398, guid: a4d020d60b18649af92bb2a05e00d513,
    type: 2}
  m_PrefabInternal: {fileID: 1259695508}
  m_GameObject: {fileID: 1839578208}
  m_LocalRotation: {x: 0, y: 0, z: 0, w: 1}
  m_LocalPosition: {x: 260.84445, y: -227.29999, z: 0}
  m_LocalScale: {x: 8, y: 2, z: 1}
  m_Children: []
  m_Father: {fileID: 807964382}
  m_RootOrder: 4
  m_LocalEulerAnglesHint: {x: 0, y: 0, z: 0}
  m_AnchorMin: {x: 1, y: 0}
  m_AnchorMax: {x: 1, y: 0}
  m_AnchoredPosition: {x: -287.6, y: 81.2}
  m_SizeDelta: {x: 100, y: 100}
  m_Pivot: {x: 0.5, y: 0.5}
--- !u!114 &1839578210
MonoBehaviour:
  m_ObjectHideFlags: 0
  m_PrefabParentObject: {fileID: 11459398, guid: a4d020d60b18649af92bb2a05e00d513,
    type: 2}
  m_PrefabInternal: {fileID: 1259695508}
  m_GameObject: {fileID: 1839578208}
  m_Enabled: 1
  m_EditorHideFlags: 0
  m_Script: {fileID: -765806418, guid: f5f67c52d1564df4a8936ccd202a3bd8, type: 3}
  m_Name: 
  m_EditorClassIdentifier: 
  m_Material: {fileID: 0}
  m_Color: {r: 1, g: 1, b: 1, a: 1}
  m_RaycastTarget: 1
  m_OnCullStateChanged:
    m_PersistentCalls:
      m_Calls: []
    m_TypeName: UnityEngine.UI.MaskableGraphic+CullStateChangedEvent, UnityEngine.UI,
      Version=1.0.0.0, Culture=neutral, PublicKeyToken=null
  m_Sprite: {fileID: 21300000, guid: 5f86fefc3a6bd4b1998b38ab48808f10, type: 3}
  m_Type: 0
  m_PreserveAspect: 0
  m_FillCenter: 1
  m_FillMethod: 4
  m_FillAmount: 1
  m_FillClockwise: 1
  m_FillOrigin: 0
--- !u!222 &1839578211
CanvasRenderer:
  m_ObjectHideFlags: 0
  m_PrefabParentObject: {fileID: 22259398, guid: a4d020d60b18649af92bb2a05e00d513,
    type: 2}
  m_PrefabInternal: {fileID: 1259695508}
  m_GameObject: {fileID: 1839578208}
--- !u!1 &1848999144
GameObject:
  m_ObjectHideFlags: 0
  m_PrefabParentObject: {fileID: 109846, guid: a4d020d60b18649af92bb2a05e00d513, type: 2}
  m_PrefabInternal: {fileID: 1259695508}
  serializedVersion: 5
  m_Component:
  - component: {fileID: 1848999145}
  - component: {fileID: 1848999146}
  m_Layer: 0
  m_Name: Point light
  m_TagString: Untagged
  m_Icon: {fileID: 0}
  m_NavMeshLayer: 0
  m_StaticEditorFlags: 0
  m_IsActive: 1
--- !u!4 &1848999145
Transform:
  m_ObjectHideFlags: 0
  m_PrefabParentObject: {fileID: 409846, guid: a4d020d60b18649af92bb2a05e00d513, type: 2}
  m_PrefabInternal: {fileID: 1259695508}
  m_GameObject: {fileID: 1848999144}
  m_LocalRotation: {x: 0, y: 0, z: 0, w: 1}
  m_LocalPosition: {x: 8.2, y: 18.2, z: 45.3}
  m_LocalScale: {x: 1, y: 1, z: 1}
  m_Children: []
  m_Father: {fileID: 1626134257}
  m_RootOrder: 5
  m_LocalEulerAnglesHint: {x: 0, y: 0, z: 0}
--- !u!108 &1848999146
Light:
  m_ObjectHideFlags: 0
  m_PrefabParentObject: {fileID: 10809846, guid: a4d020d60b18649af92bb2a05e00d513,
    type: 2}
  m_PrefabInternal: {fileID: 1259695508}
  m_GameObject: {fileID: 1848999144}
  m_Enabled: 1
  serializedVersion: 8
  m_Type: 2
  m_Color: {r: 1, g: 0.5939148, b: 0.33088237, a: 1}
  m_Intensity: 0.79774064
  m_Range: 69.46
  m_SpotAngle: 30
  m_CookieSize: 10
  m_Shadows:
    m_Type: 0
    m_Resolution: -1
    m_CustomResolution: -1
    m_Strength: 1
    m_Bias: 0.05
    m_NormalBias: 0.4
    m_NearPlane: 0.2
  m_Cookie: {fileID: 0}
  m_DrawHalo: 0
  m_Flare: {fileID: 0}
  m_RenderMode: 0
  m_CullingMask:
    serializedVersion: 2
    m_Bits: 4294967295
  m_Lightmapping: 1
  m_AreaSize: {x: 1, y: 1}
  m_BounceIntensity: 1
  m_ColorTemperature: 6570
  m_UseColorTemperature: 0
  m_ShadowRadius: 0
  m_ShadowAngle: 0
--- !u!1 &1868598817
GameObject:
  m_ObjectHideFlags: 0
  m_PrefabParentObject: {fileID: 124192, guid: a4d020d60b18649af92bb2a05e00d513, type: 2}
  m_PrefabInternal: {fileID: 1259695508}
  serializedVersion: 5
  m_Component:
  - component: {fileID: 1868598818}
  - component: {fileID: 1868598819}
  m_Layer: 0
  m_Name: MountainGlow
  m_TagString: Untagged
  m_Icon: {fileID: 0}
  m_NavMeshLayer: 0
  m_StaticEditorFlags: 0
  m_IsActive: 1
--- !u!4 &1868598818
Transform:
  m_ObjectHideFlags: 0
  m_PrefabParentObject: {fileID: 424192, guid: a4d020d60b18649af92bb2a05e00d513, type: 2}
  m_PrefabInternal: {fileID: 1259695508}
  m_GameObject: {fileID: 1868598817}
  m_LocalRotation: {x: 0, y: 0, z: 0, w: 1}
  m_LocalPosition: {x: 0, y: 0.61, z: 0}
  m_LocalScale: {x: 0.06934206, y: 0.06934206, z: 0.06934206}
  m_Children: []
  m_Father: {fileID: 466266999}
  m_RootOrder: 0
  m_LocalEulerAnglesHint: {x: 0, y: 0, z: 0}
--- !u!123 &1868598819
LensFlare:
  m_ObjectHideFlags: 0
  m_PrefabParentObject: {fileID: 12324192, guid: a4d020d60b18649af92bb2a05e00d513,
    type: 2}
  m_PrefabInternal: {fileID: 1259695508}
  m_GameObject: {fileID: 1868598817}
  m_Enabled: 1
  m_Flare: {fileID: 12100000, guid: 4bd4faf9a6beb484485deba5aeb62c81, type: 2}
  m_Color: {r: 0.8235294, g: 0.15334684, b: 0, a: 1}
  m_Brightness: 0.2
  m_FadeSpeed: 0.1
  m_IgnoreLayers:
    serializedVersion: 2
    m_Bits: 6
  m_Directional: 0
--- !u!1 &1942901751
GameObject:
  m_ObjectHideFlags: 0
  m_PrefabParentObject: {fileID: 111522, guid: a4d020d60b18649af92bb2a05e00d513, type: 2}
  m_PrefabInternal: {fileID: 1259695508}
  serializedVersion: 5
  m_Component:
  - component: {fileID: 1942901752}
  - component: {fileID: 1942901755}
  - component: {fileID: 1942901754}
  - component: {fileID: 1942901753}
  m_Layer: 0
  m_Name: AllSky_DemoEnvironment_Light
  m_TagString: Untagged
  m_Icon: {fileID: 0}
  m_NavMeshLayer: 0
  m_StaticEditorFlags: 0
  m_IsActive: 1
--- !u!4 &1942901752
Transform:
  m_ObjectHideFlags: 0
  m_PrefabParentObject: {fileID: 411522, guid: a4d020d60b18649af92bb2a05e00d513, type: 2}
  m_PrefabInternal: {fileID: 1259695508}
  m_GameObject: {fileID: 1942901751}
  m_LocalRotation: {x: -0.70356476, y: 0.07068698, z: 0.07068698, w: 0.70356476}
  m_LocalPosition: {x: 70.64, y: 17.02, z: -11.6}
  m_LocalScale: {x: 1, y: 1, z: 1}
  m_Children: []
  m_Father: {fileID: 1626134257}
  m_RootOrder: 13
  m_LocalEulerAnglesHint: {x: 0, y: 0, z: 0}
--- !u!95 &1942901753
Animator:
  serializedVersion: 3
  m_ObjectHideFlags: 0
  m_PrefabParentObject: {fileID: 9511524, guid: a4d020d60b18649af92bb2a05e00d513,
    type: 2}
  m_PrefabInternal: {fileID: 1259695508}
  m_GameObject: {fileID: 1942901751}
  m_Enabled: 1
  m_Avatar: {fileID: 9000000, guid: a86608a16093647c082aa3ccf69d2558, type: 3}
  m_Controller: {fileID: 0}
  m_CullingMode: 0
  m_UpdateMode: 0
  m_ApplyRootMotion: 1
  m_LinearVelocityBlending: 0
  m_WarningMessage: 
  m_HasTransformHierarchy: 1
  m_AllowConstantClipSamplingOptimization: 1
--- !u!23 &1942901754
MeshRenderer:
  m_ObjectHideFlags: 0
  m_PrefabParentObject: {fileID: 2311524, guid: a4d020d60b18649af92bb2a05e00d513,
    type: 2}
  m_PrefabInternal: {fileID: 1259695508}
  m_GameObject: {fileID: 1942901751}
  m_Enabled: 1
  m_CastShadows: 1
  m_ReceiveShadows: 1
  m_DynamicOccludee: 1
  m_MotionVectors: 1
  m_LightProbeUsage: 0
  m_ReflectionProbeUsage: 1
  m_Materials:
  - {fileID: 2100000, guid: 05aa87d4636d34850a6f48daedd1b55c, type: 2}
  - {fileID: 2100000, guid: a7f9f8058b27648f4ba9ed54ced4ac00, type: 2}
  m_StaticBatchInfo:
    firstSubMesh: 0
    subMeshCount: 0
  m_StaticBatchRoot: {fileID: 0}
  m_ProbeAnchor: {fileID: 0}
  m_LightProbeVolumeOverride: {fileID: 0}
  m_ScaleInLightmap: 1
  m_PreserveUVs: 0
  m_IgnoreNormalsForChartDetection: 0
  m_ImportantGI: 0
  m_StitchLightmapSeams: 0
  m_SelectedEditorRenderState: 3
  m_MinimumChartSize: 4
  m_AutoUVMaxDistance: 0.5
  m_AutoUVMaxAngle: 89
  m_LightmapParameters: {fileID: 0}
  m_SortingLayerID: 0
  m_SortingLayer: 0
  m_SortingOrder: 0
--- !u!33 &1942901755
MeshFilter:
  m_ObjectHideFlags: 0
  m_PrefabParentObject: {fileID: 3311524, guid: a4d020d60b18649af92bb2a05e00d513,
    type: 2}
  m_PrefabInternal: {fileID: 1259695508}
  m_GameObject: {fileID: 1942901751}
  m_Mesh: {fileID: 4300000, guid: a86608a16093647c082aa3ccf69d2558, type: 3}
--- !u!1 &2037072370
GameObject:
  m_ObjectHideFlags: 0
  m_PrefabParentObject: {fileID: 101874, guid: a4d020d60b18649af92bb2a05e00d513, type: 2}
  m_PrefabInternal: {fileID: 1259695508}
  serializedVersion: 5
  m_Component:
  - component: {fileID: 2037072371}
  - component: {fileID: 2037072374}
  - component: {fileID: 2037072373}
  - component: {fileID: 2037072372}
  m_Layer: 0
  m_Name: AllSky_DemoEnvironment_Light
  m_TagString: Untagged
  m_Icon: {fileID: 0}
  m_NavMeshLayer: 0
  m_StaticEditorFlags: 0
  m_IsActive: 1
--- !u!4 &2037072371
Transform:
  m_ObjectHideFlags: 0
  m_PrefabParentObject: {fileID: 401874, guid: a4d020d60b18649af92bb2a05e00d513, type: 2}
  m_PrefabInternal: {fileID: 1259695508}
  m_GameObject: {fileID: 2037072370}
  m_LocalRotation: {x: -4.32978e-17, y: 0.7071067, z: 0.7071068, w: -4.3297806e-17}
  m_LocalPosition: {x: 15.59, y: 17.94, z: 51.57}
  m_LocalScale: {x: 1, y: 1, z: 1}
  m_Children: []
  m_Father: {fileID: 1626134257}
  m_RootOrder: 8
  m_LocalEulerAnglesHint: {x: 0, y: 0, z: 0}
--- !u!95 &2037072372
Animator:
  serializedVersion: 3
  m_ObjectHideFlags: 0
  m_PrefabParentObject: {fileID: 9501874, guid: a4d020d60b18649af92bb2a05e00d513,
    type: 2}
  m_PrefabInternal: {fileID: 1259695508}
  m_GameObject: {fileID: 2037072370}
  m_Enabled: 1
  m_Avatar: {fileID: 9000000, guid: a86608a16093647c082aa3ccf69d2558, type: 3}
  m_Controller: {fileID: 0}
  m_CullingMode: 0
  m_UpdateMode: 0
  m_ApplyRootMotion: 1
  m_LinearVelocityBlending: 0
  m_WarningMessage: 
  m_HasTransformHierarchy: 1
  m_AllowConstantClipSamplingOptimization: 1
--- !u!23 &2037072373
MeshRenderer:
  m_ObjectHideFlags: 0
  m_PrefabParentObject: {fileID: 2301874, guid: a4d020d60b18649af92bb2a05e00d513,
    type: 2}
  m_PrefabInternal: {fileID: 1259695508}
  m_GameObject: {fileID: 2037072370}
  m_Enabled: 1
  m_CastShadows: 1
  m_ReceiveShadows: 1
  m_DynamicOccludee: 1
  m_MotionVectors: 1
  m_LightProbeUsage: 0
  m_ReflectionProbeUsage: 1
  m_Materials:
  - {fileID: 2100000, guid: 05aa87d4636d34850a6f48daedd1b55c, type: 2}
  - {fileID: 2100000, guid: a7f9f8058b27648f4ba9ed54ced4ac00, type: 2}
  m_StaticBatchInfo:
    firstSubMesh: 0
    subMeshCount: 0
  m_StaticBatchRoot: {fileID: 0}
  m_ProbeAnchor: {fileID: 0}
  m_LightProbeVolumeOverride: {fileID: 0}
  m_ScaleInLightmap: 1
  m_PreserveUVs: 0
  m_IgnoreNormalsForChartDetection: 0
  m_ImportantGI: 0
  m_StitchLightmapSeams: 0
  m_SelectedEditorRenderState: 3
  m_MinimumChartSize: 4
  m_AutoUVMaxDistance: 0.5
  m_AutoUVMaxAngle: 89
  m_LightmapParameters: {fileID: 0}
  m_SortingLayerID: 0
  m_SortingLayer: 0
  m_SortingOrder: 0
--- !u!33 &2037072374
MeshFilter:
  m_ObjectHideFlags: 0
  m_PrefabParentObject: {fileID: 3301874, guid: a4d020d60b18649af92bb2a05e00d513,
    type: 2}
  m_PrefabInternal: {fileID: 1259695508}
  m_GameObject: {fileID: 2037072370}
  m_Mesh: {fileID: 4300000, guid: a86608a16093647c082aa3ccf69d2558, type: 3}
--- !u!1 &2130074291
GameObject:
  m_ObjectHideFlags: 0
  m_PrefabParentObject: {fileID: 172400, guid: a4d020d60b18649af92bb2a05e00d513, type: 2}
  m_PrefabInternal: {fileID: 1259695508}
  serializedVersion: 5
  m_Component:
  - component: {fileID: 2130074292}
  - component: {fileID: 2130074295}
  - component: {fileID: 2130074294}
  - component: {fileID: 2130074293}
  m_Layer: 0
  m_Name: AllSky_DemoEnvironment_Center
  m_TagString: Untagged
  m_Icon: {fileID: 0}
  m_NavMeshLayer: 0
  m_StaticEditorFlags: 0
  m_IsActive: 1
--- !u!4 &2130074292
Transform:
  m_ObjectHideFlags: 0
  m_PrefabParentObject: {fileID: 472400, guid: a4d020d60b18649af92bb2a05e00d513, type: 2}
  m_PrefabInternal: {fileID: 1259695508}
  m_GameObject: {fileID: 2130074291}
  m_LocalRotation: {x: 0, y: 0.7071068, z: 0.7071068, w: 0}
  m_LocalPosition: {x: 0, y: 0, z: 0}
  m_LocalScale: {x: 1, y: 1, z: 1}
  m_Children: []
  m_Father: {fileID: 1626134257}
  m_RootOrder: 0
  m_LocalEulerAnglesHint: {x: 0, y: 0, z: 0}
--- !u!64 &2130074293
MeshCollider:
  m_ObjectHideFlags: 0
  m_PrefabParentObject: {fileID: 6401868, guid: a4d020d60b18649af92bb2a05e00d513,
    type: 2}
  m_PrefabInternal: {fileID: 1259695508}
  m_GameObject: {fileID: 2130074291}
  m_Material: {fileID: 0}
  m_IsTrigger: 0
  m_Enabled: 1
  serializedVersion: 2
  m_Convex: 0
  m_InflateMesh: 0
  m_SkinWidth: 0.01
  m_Mesh: {fileID: 4300000, guid: 6f81d87fbcb2648b0835af8c7c1cd3fb, type: 3}
--- !u!23 &2130074294
MeshRenderer:
  m_ObjectHideFlags: 0
  m_PrefabParentObject: {fileID: 2372400, guid: a4d020d60b18649af92bb2a05e00d513,
    type: 2}
  m_PrefabInternal: {fileID: 1259695508}
  m_GameObject: {fileID: 2130074291}
  m_Enabled: 1
  m_CastShadows: 1
  m_ReceiveShadows: 1
  m_DynamicOccludee: 1
  m_MotionVectors: 1
  m_LightProbeUsage: 0
  m_ReflectionProbeUsage: 1
  m_Materials:
  - {fileID: 2100000, guid: 179503e6ea7a5414da971761ed8ad6a1, type: 2}
  - {fileID: 2100000, guid: 2e6761ef29bab414093fbcc3d8b98559, type: 2}
  - {fileID: 2100000, guid: 13177a7929fc94508aeae20a9a650440, type: 2}
  - {fileID: 2100000, guid: eba7c646abc914766b797ce6e6b6aef8, type: 2}
  - {fileID: 2100000, guid: e647ded4fdda54d5c82ce352c1b0be01, type: 2}
  - {fileID: 2100000, guid: fbc2e1c016c544198be90cefecf38f0f, type: 2}
  - {fileID: 2100000, guid: 174e7977166824bf49a2c2f4b54fd066, type: 2}
  - {fileID: 2100000, guid: 6e219c5ff336949179da2590886e94eb, type: 2}
  - {fileID: 2100000, guid: 3386ea1f916284d438a5d95882e39fd6, type: 2}
  - {fileID: 2100000, guid: 5f35d0bb3bb3e45048ec76b0a3157c01, type: 2}
  m_StaticBatchInfo:
    firstSubMesh: 0
    subMeshCount: 0
  m_StaticBatchRoot: {fileID: 0}
  m_ProbeAnchor: {fileID: 0}
  m_LightProbeVolumeOverride: {fileID: 0}
  m_ScaleInLightmap: 1
  m_PreserveUVs: 0
  m_IgnoreNormalsForChartDetection: 0
  m_ImportantGI: 0
  m_StitchLightmapSeams: 0
  m_SelectedEditorRenderState: 3
  m_MinimumChartSize: 4
  m_AutoUVMaxDistance: 0.5
  m_AutoUVMaxAngle: 89
  m_LightmapParameters: {fileID: 0}
  m_SortingLayerID: 0
  m_SortingLayer: 0
  m_SortingOrder: 0
--- !u!33 &2130074295
MeshFilter:
  m_ObjectHideFlags: 0
  m_PrefabParentObject: {fileID: 3372400, guid: a4d020d60b18649af92bb2a05e00d513,
    type: 2}
  m_PrefabInternal: {fileID: 1259695508}
  m_GameObject: {fileID: 2130074291}
  m_Mesh: {fileID: 4300000, guid: 6f81d87fbcb2648b0835af8c7c1cd3fb, type: 3}
