%YAML 1.1
%TAG !u! tag:unity3d.com,2011:
--- !u!29 &1
OcclusionCullingSettings:
  m_ObjectHideFlags: 0
  serializedVersion: 2
  m_OcclusionBakeSettings:
    smallestOccluder: 5
    smallestHole: 0.25
    backfaceThreshold: 100
  m_SceneGUID: 00000000000000000000000000000000
  m_OcclusionCullingData: {fileID: 0}
--- !u!104 &2
RenderSettings:
  m_ObjectHideFlags: 0
  serializedVersion: 8
  m_Fog: 0
  m_FogColor: {r: 0.5, g: 0.5, b: 0.5, a: 1}
  m_FogMode: 3
  m_FogDensity: 0.01
  m_LinearFogStart: 0
  m_LinearFogEnd: 300
  m_AmbientSkyColor: {r: 0.212, g: 0.227, b: 0.259, a: 1}
  m_AmbientEquatorColor: {r: 0.114, g: 0.125, b: 0.133, a: 1}
  m_AmbientGroundColor: {r: 0.047, g: 0.043, b: 0.035, a: 1}
  m_AmbientIntensity: 1
  m_AmbientMode: 0
  m_SubtractiveShadowColor: {r: 0.42, g: 0.478, b: 0.627, a: 1}
  m_SkyboxMaterial: {fileID: 10304, guid: 0000000000000000f000000000000000, type: 0}
  m_HaloStrength: 0.5
  m_FlareStrength: 1
  m_FlareFadeSpeed: 3
  m_HaloTexture: {fileID: 0}
  m_SpotCookie: {fileID: 10001, guid: 0000000000000000e000000000000000, type: 0}
  m_DefaultReflectionMode: 0
  m_DefaultReflectionResolution: 128
  m_ReflectionBounces: 1
  m_ReflectionIntensity: 1
  m_CustomReflection: {fileID: 0}
  m_Sun: {fileID: 0}
  m_IndirectSpecularColor: {r: 0, g: 0, b: 0, a: 1}
--- !u!157 &4
LightmapSettings:
  m_ObjectHideFlags: 0
  serializedVersion: 11
  m_GIWorkflowMode: 0
  m_GISettings:
    serializedVersion: 2
    m_BounceScale: 1
    m_IndirectOutputScale: 1
    m_AlbedoBoost: 1
    m_TemporalCoherenceThreshold: 1
    m_EnvironmentLightingMode: 0
    m_EnableBakedLightmaps: 1
    m_EnableRealtimeLightmaps: 1
  m_LightmapEditorSettings:
    serializedVersion: 9
    m_Resolution: 2
    m_BakeResolution: 40
    m_TextureWidth: 1024
    m_TextureHeight: 1024
    m_AO: 0
    m_AOMaxDistance: 1
    m_CompAOExponent: 0
    m_CompAOExponentDirect: 0
    m_Padding: 2
    m_LightmapParameters: {fileID: 0}
    m_LightmapsBakeMode: 1
    m_TextureCompression: 1
    m_FinalGather: 0
    m_FinalGatherFiltering: 1
    m_FinalGatherRayCount: 1024
    m_ReflectionCompression: 2
    m_MixedBakeMode: 1
    m_BakeBackend: 0
    m_PVRSampling: 1
    m_PVRDirectSampleCount: 32
    m_PVRSampleCount: 500
    m_PVRBounces: 2
    m_PVRFilterTypeDirect: 0
    m_PVRFilterTypeIndirect: 0
    m_PVRFilterTypeAO: 0
    m_PVRFilteringMode: 0
    m_PVRCulling: 1
    m_PVRFilteringGaussRadiusDirect: 1
    m_PVRFilteringGaussRadiusIndirect: 5
    m_PVRFilteringGaussRadiusAO: 2
    m_PVRFilteringAtrousPositionSigmaDirect: 0.5
    m_PVRFilteringAtrousPositionSigmaIndirect: 2
    m_PVRFilteringAtrousPositionSigmaAO: 1
  m_LightingDataAsset: {fileID: 0}
  m_UseShadowmask: 0
--- !u!196 &5
NavMeshSettings:
  serializedVersion: 2
  m_ObjectHideFlags: 0
  m_BuildSettings:
    serializedVersion: 2
    agentTypeID: 0
    agentRadius: 0.5
    agentHeight: 2
    agentSlope: 45
    agentClimb: 0.4
    ledgeDropHeight: 0
    maxJumpAcrossDistance: 0
    minRegionArea: 2
    manualCellSize: 0
    cellSize: 0.16666667
    manualTileSize: 0
    tileSize: 256
    accuratePlacement: 0
    debug:
      m_Flags: 0
  m_NavMeshData: {fileID: 0}
--- !u!1 &28712896
GameObject:
  m_ObjectHideFlags: 0
  m_PrefabParentObject: {fileID: 186722, guid: a0b7360ac5a70ff4193eca8f6da4fa57, type: 2}
  m_PrefabInternal: {fileID: 71377086}
  serializedVersion: 5
  m_Component:
  - component: {fileID: 28712897}
  - component: {fileID: 28712900}
  - component: {fileID: 28712899}
  - component: {fileID: 28712898}
  m_Layer: 5
  m_Name: Button
  m_TagString: Untagged
  m_Icon: {fileID: 0}
  m_NavMeshLayer: 0
  m_StaticEditorFlags: 0
  m_IsActive: 1
--- !u!224 &28712897
RectTransform:
  m_ObjectHideFlags: 0
  m_PrefabParentObject: {fileID: 22410856, guid: a0b7360ac5a70ff4193eca8f6da4fa57,
    type: 2}
  m_PrefabInternal: {fileID: 71377086}
  m_GameObject: {fileID: 28712896}
  m_LocalRotation: {x: 0, y: 0, z: 0, w: 1}
  m_LocalPosition: {x: 8, y: 334, z: 0}
  m_LocalScale: {x: 1, y: 1, z: 1}
  m_Children:
  - {fileID: 1389093364}
  m_Father: {fileID: 81433345}
  m_RootOrder: 4
  m_LocalEulerAnglesHint: {x: 0, y: 0, z: 0}
  m_AnchorMin: {x: 0.5, y: 0.5}
  m_AnchorMax: {x: 0.5, y: 0.5}
  m_AnchoredPosition: {x: 8, y: 334}
  m_SizeDelta: {x: 206, y: 206}
  m_Pivot: {x: 0.5, y: 0.5}
--- !u!114 &28712898
MonoBehaviour:
  m_ObjectHideFlags: 0
  m_PrefabParentObject: {fileID: 11422558, guid: a0b7360ac5a70ff4193eca8f6da4fa57,
    type: 2}
  m_PrefabInternal: {fileID: 71377086}
  m_GameObject: {fileID: 28712896}
  m_Enabled: 1
  m_EditorHideFlags: 0
  m_Script: {fileID: 1392445389, guid: f5f67c52d1564df4a8936ccd202a3bd8, type: 3}
  m_Name: 
  m_EditorClassIdentifier: 
  m_Navigation:
    m_Mode: 3
    m_SelectOnUp: {fileID: 0}
    m_SelectOnDown: {fileID: 0}
    m_SelectOnLeft: {fileID: 0}
    m_SelectOnRight: {fileID: 0}
  m_Transition: 1
  m_Colors:
    m_NormalColor: {r: 1, g: 1, b: 1, a: 1}
    m_HighlightedColor: {r: 0.9607843, g: 0.9607843, b: 0.9607843, a: 1}
    m_PressedColor: {r: 0.78431374, g: 0.78431374, b: 0.78431374, a: 1}
    m_DisabledColor: {r: 0.78431374, g: 0.78431374, b: 0.78431374, a: 0.5019608}
    m_ColorMultiplier: 1
    m_FadeDuration: 0.1
  m_SpriteState:
    m_HighlightedSprite: {fileID: 0}
    m_PressedSprite: {fileID: 0}
    m_DisabledSprite: {fileID: 0}
  m_AnimationTriggers:
    m_NormalTrigger: Normal
    m_HighlightedTrigger: Highlighted
    m_PressedTrigger: Pressed
    m_DisabledTrigger: Disabled
  m_Interactable: 1
  m_TargetGraphic: {fileID: 28712899}
  m_OnClick:
    m_PersistentCalls:
      m_Calls: []
    m_TypeName: UnityEngine.UI.Button+ButtonClickedEvent, UnityEngine.UI, Version=1.0.0.0,
      Culture=neutral, PublicKeyToken=null
--- !u!114 &28712899
MonoBehaviour:
  m_ObjectHideFlags: 0
  m_PrefabParentObject: {fileID: 11480246, guid: a0b7360ac5a70ff4193eca8f6da4fa57,
    type: 2}
  m_PrefabInternal: {fileID: 71377086}
  m_GameObject: {fileID: 28712896}
  m_Enabled: 1
  m_EditorHideFlags: 0
  m_Script: {fileID: -765806418, guid: f5f67c52d1564df4a8936ccd202a3bd8, type: 3}
  m_Name: 
  m_EditorClassIdentifier: 
  m_Material: {fileID: 0}
  m_Color: {r: 0.09843906, g: 0.6784314, b: 0.47002196, a: 1}
  m_RaycastTarget: 1
  m_OnCullStateChanged:
    m_PersistentCalls:
      m_Calls: []
    m_TypeName: UnityEngine.UI.MaskableGraphic+CullStateChangedEvent, UnityEngine.UI,
      Version=1.0.0.0, Culture=neutral, PublicKeyToken=null
  m_Sprite: {fileID: 21300000, guid: 291502478103f274da140dc9d17c64dc, type: 3}
  m_Type: 0
  m_PreserveAspect: 0
  m_FillCenter: 1
  m_FillMethod: 4
  m_FillAmount: 1
  m_FillClockwise: 1
  m_FillOrigin: 0
--- !u!222 &28712900
CanvasRenderer:
  m_ObjectHideFlags: 0
  m_PrefabParentObject: {fileID: 22291684, guid: a0b7360ac5a70ff4193eca8f6da4fa57,
    type: 2}
  m_PrefabInternal: {fileID: 71377086}
  m_GameObject: {fileID: 28712896}
--- !u!1001 &71377086
Prefab:
  m_ObjectHideFlags: 0
  serializedVersion: 2
  m_Modification:
    m_TransformParent: {fileID: 0}
    m_Modifications:
    - target: {fileID: 22446964, guid: a0b7360ac5a70ff4193eca8f6da4fa57, type: 2}
      propertyPath: m_LocalPosition.x
      value: 320
      objectReference: {fileID: 0}
    - target: {fileID: 22446964, guid: a0b7360ac5a70ff4193eca8f6da4fa57, type: 2}
      propertyPath: m_LocalPosition.y
      value: 240
      objectReference: {fileID: 0}
    - target: {fileID: 22446964, guid: a0b7360ac5a70ff4193eca8f6da4fa57, type: 2}
      propertyPath: m_LocalPosition.z
      value: 0
      objectReference: {fileID: 0}
    - target: {fileID: 22446964, guid: a0b7360ac5a70ff4193eca8f6da4fa57, type: 2}
      propertyPath: m_LocalRotation.x
      value: 0
      objectReference: {fileID: 0}
    - target: {fileID: 22446964, guid: a0b7360ac5a70ff4193eca8f6da4fa57, type: 2}
      propertyPath: m_LocalRotation.y
      value: 0
      objectReference: {fileID: 0}
    - target: {fileID: 22446964, guid: a0b7360ac5a70ff4193eca8f6da4fa57, type: 2}
      propertyPath: m_LocalRotation.z
      value: 0
      objectReference: {fileID: 0}
    - target: {fileID: 22446964, guid: a0b7360ac5a70ff4193eca8f6da4fa57, type: 2}
      propertyPath: m_LocalRotation.w
      value: 1
      objectReference: {fileID: 0}
    - target: {fileID: 22446964, guid: a0b7360ac5a70ff4193eca8f6da4fa57, type: 2}
      propertyPath: m_RootOrder
      value: 0
      objectReference: {fileID: 0}
    - target: {fileID: 22446964, guid: a0b7360ac5a70ff4193eca8f6da4fa57, type: 2}
      propertyPath: m_AnchoredPosition.x
      value: 0
      objectReference: {fileID: 0}
    - target: {fileID: 22446964, guid: a0b7360ac5a70ff4193eca8f6da4fa57, type: 2}
      propertyPath: m_AnchoredPosition.y
      value: 0
      objectReference: {fileID: 0}
    - target: {fileID: 22446964, guid: a0b7360ac5a70ff4193eca8f6da4fa57, type: 2}
      propertyPath: m_SizeDelta.x
      value: 0
      objectReference: {fileID: 0}
    - target: {fileID: 22446964, guid: a0b7360ac5a70ff4193eca8f6da4fa57, type: 2}
      propertyPath: m_SizeDelta.y
      value: 0
      objectReference: {fileID: 0}
    - target: {fileID: 22446964, guid: a0b7360ac5a70ff4193eca8f6da4fa57, type: 2}
      propertyPath: m_AnchorMin.x
      value: 0
      objectReference: {fileID: 0}
    - target: {fileID: 22446964, guid: a0b7360ac5a70ff4193eca8f6da4fa57, type: 2}
      propertyPath: m_AnchorMin.y
      value: 0
      objectReference: {fileID: 0}
    - target: {fileID: 22446964, guid: a0b7360ac5a70ff4193eca8f6da4fa57, type: 2}
      propertyPath: m_AnchorMax.x
      value: 0
      objectReference: {fileID: 0}
    - target: {fileID: 22446964, guid: a0b7360ac5a70ff4193eca8f6da4fa57, type: 2}
      propertyPath: m_AnchorMax.y
      value: 0
      objectReference: {fileID: 0}
    - target: {fileID: 22446964, guid: a0b7360ac5a70ff4193eca8f6da4fa57, type: 2}
      propertyPath: m_Pivot.x
      value: 0
      objectReference: {fileID: 0}
    - target: {fileID: 22446964, guid: a0b7360ac5a70ff4193eca8f6da4fa57, type: 2}
      propertyPath: m_Pivot.y
      value: 0
      objectReference: {fileID: 0}
    m_RemovedComponents: []
  m_ParentPrefab: {fileID: 100100000, guid: a0b7360ac5a70ff4193eca8f6da4fa57, type: 2}
  m_RootGameObject: {fileID: 932034120}
  m_IsPrefabParent: 0
--- !u!1 &81433344
GameObject:
  m_ObjectHideFlags: 0
  m_PrefabParentObject: {fileID: 108788, guid: a0b7360ac5a70ff4193eca8f6da4fa57, type: 2}
  m_PrefabInternal: {fileID: 71377086}
  serializedVersion: 5
  m_Component:
  - component: {fileID: 81433345}
  - component: {fileID: 81433348}
  - component: {fileID: 81433347}
  - component: {fileID: 81433346}
  m_Layer: 5
  m_Name: Panel
  m_TagString: Untagged
  m_Icon: {fileID: 0}
  m_NavMeshLayer: 0
  m_StaticEditorFlags: 0
  m_IsActive: 1
--- !u!224 &81433345
RectTransform:
  m_ObjectHideFlags: 0
  m_PrefabParentObject: {fileID: 22496108, guid: a0b7360ac5a70ff4193eca8f6da4fa57,
    type: 2}
  m_PrefabInternal: {fileID: 71377086}
  m_GameObject: {fileID: 81433344}
  m_LocalRotation: {x: 0, y: 0, z: 0, w: 1}
  m_LocalPosition: {x: 0, y: 0, z: 0}
  m_LocalScale: {x: 0.6, y: 0.6, z: 1}
  m_Children:
  - {fileID: 1098134467}
  - {fileID: 1879927325}
  - {fileID: 2101659711}
  - {fileID: 1949711280}
  - {fileID: 28712897}
  - {fileID: 226216609}
  - {fileID: 473272576}
  - {fileID: 165747683}
  - {fileID: 1081403690}
  - {fileID: 1897493598}
  - {fileID: 935256685}
  m_Father: {fileID: 932034124}
  m_RootOrder: 1
  m_LocalEulerAnglesHint: {x: 0, y: 0, z: 0}
  m_AnchorMin: {x: 0.5, y: 0.5}
  m_AnchorMax: {x: 0.5, y: 0.5}
  m_AnchoredPosition: {x: 0, y: 0}
  m_SizeDelta: {x: 3200, y: 1800}
  m_Pivot: {x: 0.5, y: 0.5}
--- !u!114 &81433346
MonoBehaviour:
  m_ObjectHideFlags: 0
  m_PrefabParentObject: {fileID: 11438794, guid: a0b7360ac5a70ff4193eca8f6da4fa57,
    type: 2}
  m_PrefabInternal: {fileID: 71377086}
  m_GameObject: {fileID: 81433344}
  m_Enabled: 1
  m_EditorHideFlags: 0
  m_Script: {fileID: -1200242548, guid: f5f67c52d1564df4a8936ccd202a3bd8, type: 3}
  m_Name: 
  m_EditorClassIdentifier: 
  m_ShowMaskGraphic: 1
--- !u!114 &81433347
MonoBehaviour:
  m_ObjectHideFlags: 0
  m_PrefabParentObject: {fileID: 11415208, guid: a0b7360ac5a70ff4193eca8f6da4fa57,
    type: 2}
  m_PrefabInternal: {fileID: 71377086}
  m_GameObject: {fileID: 81433344}
  m_Enabled: 1
  m_EditorHideFlags: 0
  m_Script: {fileID: -765806418, guid: f5f67c52d1564df4a8936ccd202a3bd8, type: 3}
  m_Name: 
  m_EditorClassIdentifier: 
  m_Material: {fileID: 0}
  m_Color: {r: 0.18431373, g: 0.18431373, b: 0.22745098, a: 1}
  m_RaycastTarget: 1
  m_OnCullStateChanged:
    m_PersistentCalls:
      m_Calls: []
    m_TypeName: UnityEngine.UI.MaskableGraphic+CullStateChangedEvent, UnityEngine.UI,
      Version=1.0.0.0, Culture=neutral, PublicKeyToken=null
  m_Sprite: {fileID: 21300000, guid: 7ed1238760b863f4aafde32ab3a6f28c, type: 3}
  m_Type: 1
  m_PreserveAspect: 0
  m_FillCenter: 1
  m_FillMethod: 4
  m_FillAmount: 1
  m_FillClockwise: 1
  m_FillOrigin: 0
--- !u!222 &81433348
CanvasRenderer:
  m_ObjectHideFlags: 0
  m_PrefabParentObject: {fileID: 22227082, guid: a0b7360ac5a70ff4193eca8f6da4fa57,
    type: 2}
  m_PrefabInternal: {fileID: 71377086}
  m_GameObject: {fileID: 81433344}
--- !u!1 &165747682
GameObject:
  m_ObjectHideFlags: 0
  m_PrefabParentObject: {fileID: 118724, guid: a0b7360ac5a70ff4193eca8f6da4fa57, type: 2}
  m_PrefabInternal: {fileID: 71377086}
  serializedVersion: 5
  m_Component:
  - component: {fileID: 165747683}
  - component: {fileID: 165747686}
  - component: {fileID: 165747685}
  - component: {fileID: 165747684}
  m_Layer: 5
  m_Name: Button
  m_TagString: Untagged
  m_Icon: {fileID: 0}
  m_NavMeshLayer: 0
  m_StaticEditorFlags: 0
  m_IsActive: 1
--- !u!224 &165747683
RectTransform:
  m_ObjectHideFlags: 0
  m_PrefabParentObject: {fileID: 22429788, guid: a0b7360ac5a70ff4193eca8f6da4fa57,
    type: 2}
  m_PrefabInternal: {fileID: 71377086}
  m_GameObject: {fileID: 165747682}
  m_LocalRotation: {x: 0, y: 0, z: 0, w: 1}
  m_LocalPosition: {x: 8, y: 4, z: 0}
  m_LocalScale: {x: 1, y: 1, z: 1}
  m_Children:
  - {fileID: 1573718413}
  m_Father: {fileID: 81433345}
  m_RootOrder: 7
  m_LocalEulerAnglesHint: {x: 0, y: 0, z: 0}
  m_AnchorMin: {x: 0.5, y: 0.5}
  m_AnchorMax: {x: 0.5, y: 0.5}
  m_AnchoredPosition: {x: 8, y: 4}
  m_SizeDelta: {x: 206, y: 206}
  m_Pivot: {x: 0.5, y: 0.5}
--- !u!114 &165747684
MonoBehaviour:
  m_ObjectHideFlags: 0
  m_PrefabParentObject: {fileID: 11488084, guid: a0b7360ac5a70ff4193eca8f6da4fa57,
    type: 2}
  m_PrefabInternal: {fileID: 71377086}
  m_GameObject: {fileID: 165747682}
  m_Enabled: 1
  m_EditorHideFlags: 0
  m_Script: {fileID: 1392445389, guid: f5f67c52d1564df4a8936ccd202a3bd8, type: 3}
  m_Name: 
  m_EditorClassIdentifier: 
  m_Navigation:
    m_Mode: 3
    m_SelectOnUp: {fileID: 0}
    m_SelectOnDown: {fileID: 0}
    m_SelectOnLeft: {fileID: 0}
    m_SelectOnRight: {fileID: 0}
  m_Transition: 1
  m_Colors:
    m_NormalColor: {r: 1, g: 1, b: 1, a: 1}
    m_HighlightedColor: {r: 0.9607843, g: 0.9607843, b: 0.9607843, a: 1}
    m_PressedColor: {r: 0.78431374, g: 0.78431374, b: 0.78431374, a: 1}
    m_DisabledColor: {r: 0.78431374, g: 0.78431374, b: 0.78431374, a: 0.5019608}
    m_ColorMultiplier: 1
    m_FadeDuration: 0.1
  m_SpriteState:
    m_HighlightedSprite: {fileID: 0}
    m_PressedSprite: {fileID: 0}
    m_DisabledSprite: {fileID: 0}
  m_AnimationTriggers:
    m_NormalTrigger: Normal
    m_HighlightedTrigger: Highlighted
    m_PressedTrigger: Pressed
    m_DisabledTrigger: Disabled
  m_Interactable: 1
  m_TargetGraphic: {fileID: 165747685}
  m_OnClick:
    m_PersistentCalls:
      m_Calls: []
    m_TypeName: UnityEngine.UI.Button+ButtonClickedEvent, UnityEngine.UI, Version=1.0.0.0,
      Culture=neutral, PublicKeyToken=null
--- !u!114 &165747685
MonoBehaviour:
  m_ObjectHideFlags: 0
  m_PrefabParentObject: {fileID: 11418494, guid: a0b7360ac5a70ff4193eca8f6da4fa57,
    type: 2}
  m_PrefabInternal: {fileID: 71377086}
  m_GameObject: {fileID: 165747682}
  m_Enabled: 1
  m_EditorHideFlags: 0
  m_Script: {fileID: -765806418, guid: f5f67c52d1564df4a8936ccd202a3bd8, type: 3}
  m_Name: 
  m_EditorClassIdentifier: 
  m_Material: {fileID: 0}
  m_Color: {r: 0.7607843, g: 0.22972701, b: 0.32735875, a: 1}
  m_RaycastTarget: 1
  m_OnCullStateChanged:
    m_PersistentCalls:
      m_Calls: []
    m_TypeName: UnityEngine.UI.MaskableGraphic+CullStateChangedEvent, UnityEngine.UI,
      Version=1.0.0.0, Culture=neutral, PublicKeyToken=null
  m_Sprite: {fileID: 21300000, guid: 291502478103f274da140dc9d17c64dc, type: 3}
  m_Type: 0
  m_PreserveAspect: 0
  m_FillCenter: 1
  m_FillMethod: 4
  m_FillAmount: 1
  m_FillClockwise: 1
  m_FillOrigin: 0
--- !u!222 &165747686
CanvasRenderer:
  m_ObjectHideFlags: 0
  m_PrefabParentObject: {fileID: 22296480, guid: a0b7360ac5a70ff4193eca8f6da4fa57,
    type: 2}
  m_PrefabInternal: {fileID: 71377086}
  m_GameObject: {fileID: 165747682}
--- !u!1 &226216608
GameObject:
  m_ObjectHideFlags: 0
  m_PrefabParentObject: {fileID: 179946, guid: a0b7360ac5a70ff4193eca8f6da4fa57, type: 2}
  m_PrefabInternal: {fileID: 71377086}
  serializedVersion: 5
  m_Component:
  - component: {fileID: 226216609}
  - component: {fileID: 226216612}
  - component: {fileID: 226216611}
  - component: {fileID: 226216610}
  m_Layer: 5
  m_Name: Button
  m_TagString: Untagged
  m_Icon: {fileID: 0}
  m_NavMeshLayer: 0
  m_StaticEditorFlags: 0
  m_IsActive: 1
--- !u!224 &226216609
RectTransform:
  m_ObjectHideFlags: 0
  m_PrefabParentObject: {fileID: 22496270, guid: a0b7360ac5a70ff4193eca8f6da4fa57,
    type: 2}
  m_PrefabInternal: {fileID: 71377086}
  m_GameObject: {fileID: 226216608}
  m_LocalRotation: {x: 0, y: 0, z: 0, w: 1}
  m_LocalPosition: {x: 346, y: -334, z: 0}
  m_LocalScale: {x: 1, y: 1, z: 1}
  m_Children:
  - {fileID: 791747154}
  m_Father: {fileID: 81433345}
  m_RootOrder: 5
  m_LocalEulerAnglesHint: {x: 0, y: 0, z: 0}
  m_AnchorMin: {x: 0.5, y: 0.5}
  m_AnchorMax: {x: 0.5, y: 0.5}
  m_AnchoredPosition: {x: 346, y: -334}
  m_SizeDelta: {x: 206, y: 206}
  m_Pivot: {x: 0.5, y: 0.5}
--- !u!114 &226216610
MonoBehaviour:
  m_ObjectHideFlags: 0
  m_PrefabParentObject: {fileID: 11416104, guid: a0b7360ac5a70ff4193eca8f6da4fa57,
    type: 2}
  m_PrefabInternal: {fileID: 71377086}
  m_GameObject: {fileID: 226216608}
  m_Enabled: 1
  m_EditorHideFlags: 0
  m_Script: {fileID: 1392445389, guid: f5f67c52d1564df4a8936ccd202a3bd8, type: 3}
  m_Name: 
  m_EditorClassIdentifier: 
  m_Navigation:
    m_Mode: 3
    m_SelectOnUp: {fileID: 0}
    m_SelectOnDown: {fileID: 0}
    m_SelectOnLeft: {fileID: 0}
    m_SelectOnRight: {fileID: 0}
  m_Transition: 1
  m_Colors:
    m_NormalColor: {r: 1, g: 1, b: 1, a: 1}
    m_HighlightedColor: {r: 0.9607843, g: 0.9607843, b: 0.9607843, a: 1}
    m_PressedColor: {r: 0.78431374, g: 0.78431374, b: 0.78431374, a: 1}
    m_DisabledColor: {r: 0.78431374, g: 0.78431374, b: 0.78431374, a: 0.5019608}
    m_ColorMultiplier: 1
    m_FadeDuration: 0.1
  m_SpriteState:
    m_HighlightedSprite: {fileID: 0}
    m_PressedSprite: {fileID: 0}
    m_DisabledSprite: {fileID: 0}
  m_AnimationTriggers:
    m_NormalTrigger: Normal
    m_HighlightedTrigger: Highlighted
    m_PressedTrigger: Pressed
    m_DisabledTrigger: Disabled
  m_Interactable: 1
  m_TargetGraphic: {fileID: 226216611}
  m_OnClick:
    m_PersistentCalls:
      m_Calls: []
    m_TypeName: UnityEngine.UI.Button+ButtonClickedEvent, UnityEngine.UI, Version=1.0.0.0,
      Culture=neutral, PublicKeyToken=null
--- !u!114 &226216611
MonoBehaviour:
  m_ObjectHideFlags: 0
  m_PrefabParentObject: {fileID: 11430992, guid: a0b7360ac5a70ff4193eca8f6da4fa57,
    type: 2}
  m_PrefabInternal: {fileID: 71377086}
  m_GameObject: {fileID: 226216608}
  m_Enabled: 1
  m_EditorHideFlags: 0
  m_Script: {fileID: -765806418, guid: f5f67c52d1564df4a8936ccd202a3bd8, type: 3}
  m_Name: 
  m_EditorClassIdentifier: 
  m_Material: {fileID: 0}
  m_Color: {r: 0.7607843, g: 0.22972701, b: 0.32735875, a: 1}
  m_RaycastTarget: 1
  m_OnCullStateChanged:
    m_PersistentCalls:
      m_Calls: []
    m_TypeName: UnityEngine.UI.MaskableGraphic+CullStateChangedEvent, UnityEngine.UI,
      Version=1.0.0.0, Culture=neutral, PublicKeyToken=null
  m_Sprite: {fileID: 21300000, guid: 291502478103f274da140dc9d17c64dc, type: 3}
  m_Type: 0
  m_PreserveAspect: 0
  m_FillCenter: 1
  m_FillMethod: 4
  m_FillAmount: 1
  m_FillClockwise: 1
  m_FillOrigin: 0
--- !u!222 &226216612
CanvasRenderer:
  m_ObjectHideFlags: 0
  m_PrefabParentObject: {fileID: 22238386, guid: a0b7360ac5a70ff4193eca8f6da4fa57,
    type: 2}
  m_PrefabInternal: {fileID: 71377086}
  m_GameObject: {fileID: 226216608}
--- !u!1 &338481539
GameObject:
  m_ObjectHideFlags: 0
  m_PrefabParentObject: {fileID: 198974, guid: a0b7360ac5a70ff4193eca8f6da4fa57, type: 2}
  m_PrefabInternal: {fileID: 71377086}
  serializedVersion: 5
  m_Component:
  - component: {fileID: 338481540}
  - component: {fileID: 338481542}
  - component: {fileID: 338481541}
  m_Layer: 5
  m_Name: Text
  m_TagString: Untagged
  m_Icon: {fileID: 0}
  m_NavMeshLayer: 0
  m_StaticEditorFlags: 0
  m_IsActive: 1
--- !u!224 &338481540
RectTransform:
  m_ObjectHideFlags: 0
  m_PrefabParentObject: {fileID: 22468894, guid: a0b7360ac5a70ff4193eca8f6da4fa57,
    type: 2}
  m_PrefabInternal: {fileID: 71377086}
  m_GameObject: {fileID: 338481539}
  m_LocalRotation: {x: 0, y: 0, z: 0, w: 1}
  m_LocalPosition: {x: 13, y: -2293, z: 0}
  m_LocalScale: {x: 1.3333334, y: 1.3333334, z: 1}
  m_Children: []
  m_Father: {fileID: 935256685}
  m_RootOrder: 2
  m_LocalEulerAnglesHint: {x: 0, y: 0, z: 0}
  m_AnchorMin: {x: 0.5, y: 0.5}
  m_AnchorMax: {x: 0.5, y: 0.5}
  m_AnchoredPosition: {x: 13, y: -2293}
  m_SizeDelta: {x: 447, y: 254}
  m_Pivot: {x: 0.5, y: 0.5}
--- !u!114 &338481541
MonoBehaviour:
  m_ObjectHideFlags: 0
  m_PrefabParentObject: {fileID: 11464902, guid: a0b7360ac5a70ff4193eca8f6da4fa57,
    type: 2}
  m_PrefabInternal: {fileID: 71377086}
  m_GameObject: {fileID: 338481539}
  m_Enabled: 1
  m_EditorHideFlags: 0
  m_Script: {fileID: 708705254, guid: f5f67c52d1564df4a8936ccd202a3bd8, type: 3}
  m_Name: 
  m_EditorClassIdentifier: 
  m_Material: {fileID: 0}
  m_Color: {r: 0.94509804, g: 0.9254902, b: 0.8745098, a: 1}
  m_RaycastTarget: 1
  m_OnCullStateChanged:
    m_PersistentCalls:
      m_Calls: []
    m_TypeName: UnityEngine.UI.MaskableGraphic+CullStateChangedEvent, UnityEngine.UI,
      Version=1.0.0.0, Culture=neutral, PublicKeyToken=null
  m_FontData:
    m_Font: {fileID: 12800000, guid: 5c425d43bb0df45ca8eb162d5154251e, type: 3}
    m_FontSize: 90
    m_FontStyle: 0
    m_BestFit: 0
    m_MinSize: 10
    m_MaxSize: 90
    m_Alignment: 4
    m_AlignByGeometry: 0
    m_RichText: 1
    m_HorizontalOverflow: 0
    m_VerticalOverflow: 0
    m_LineSpacing: 1
  m_Text: 2:64
--- !u!222 &338481542
CanvasRenderer:
  m_ObjectHideFlags: 0
  m_PrefabParentObject: {fileID: 22289262, guid: a0b7360ac5a70ff4193eca8f6da4fa57,
    type: 2}
  m_PrefabInternal: {fileID: 71377086}
  m_GameObject: {fileID: 338481539}
--- !u!1 &473272575
GameObject:
  m_ObjectHideFlags: 0
  m_PrefabParentObject: {fileID: 153034, guid: a0b7360ac5a70ff4193eca8f6da4fa57, type: 2}
  m_PrefabInternal: {fileID: 71377086}
  serializedVersion: 5
  m_Component:
  - component: {fileID: 473272576}
  - component: {fileID: 473272579}
  - component: {fileID: 473272578}
  - component: {fileID: 473272577}
  m_Layer: 5
  m_Name: Button
  m_TagString: Untagged
  m_Icon: {fileID: 0}
  m_NavMeshLayer: 0
  m_StaticEditorFlags: 0
  m_IsActive: 1
--- !u!224 &473272576
RectTransform:
  m_ObjectHideFlags: 0
  m_PrefabParentObject: {fileID: 22450216, guid: a0b7360ac5a70ff4193eca8f6da4fa57,
    type: 2}
  m_PrefabInternal: {fileID: 71377086}
  m_GameObject: {fileID: 473272575}
  m_LocalRotation: {x: 0, y: 0, z: 0, w: 1}
  m_LocalPosition: {x: 346, y: 334, z: 0}
  m_LocalScale: {x: 1, y: 1, z: 1}
  m_Children:
  - {fileID: 696347947}
  m_Father: {fileID: 81433345}
  m_RootOrder: 6
  m_LocalEulerAnglesHint: {x: 0, y: 0, z: 0}
  m_AnchorMin: {x: 0.5, y: 0.5}
  m_AnchorMax: {x: 0.5, y: 0.5}
  m_AnchoredPosition: {x: 346, y: 334}
  m_SizeDelta: {x: 206, y: 206}
  m_Pivot: {x: 0.5, y: 0.5}
--- !u!114 &473272577
MonoBehaviour:
  m_ObjectHideFlags: 0
  m_PrefabParentObject: {fileID: 11443374, guid: a0b7360ac5a70ff4193eca8f6da4fa57,
    type: 2}
  m_PrefabInternal: {fileID: 71377086}
  m_GameObject: {fileID: 473272575}
  m_Enabled: 1
  m_EditorHideFlags: 0
  m_Script: {fileID: 1392445389, guid: f5f67c52d1564df4a8936ccd202a3bd8, type: 3}
  m_Name: 
  m_EditorClassIdentifier: 
  m_Navigation:
    m_Mode: 3
    m_SelectOnUp: {fileID: 0}
    m_SelectOnDown: {fileID: 0}
    m_SelectOnLeft: {fileID: 0}
    m_SelectOnRight: {fileID: 0}
  m_Transition: 1
  m_Colors:
    m_NormalColor: {r: 1, g: 1, b: 1, a: 1}
    m_HighlightedColor: {r: 0.9607843, g: 0.9607843, b: 0.9607843, a: 1}
    m_PressedColor: {r: 0.78431374, g: 0.78431374, b: 0.78431374, a: 1}
    m_DisabledColor: {r: 0.78431374, g: 0.78431374, b: 0.78431374, a: 0.5019608}
    m_ColorMultiplier: 1
    m_FadeDuration: 0.1
  m_SpriteState:
    m_HighlightedSprite: {fileID: 0}
    m_PressedSprite: {fileID: 0}
    m_DisabledSprite: {fileID: 0}
  m_AnimationTriggers:
    m_NormalTrigger: Normal
    m_HighlightedTrigger: Highlighted
    m_PressedTrigger: Pressed
    m_DisabledTrigger: Disabled
  m_Interactable: 1
  m_TargetGraphic: {fileID: 473272578}
  m_OnClick:
    m_PersistentCalls:
      m_Calls: []
    m_TypeName: UnityEngine.UI.Button+ButtonClickedEvent, UnityEngine.UI, Version=1.0.0.0,
      Culture=neutral, PublicKeyToken=null
--- !u!114 &473272578
MonoBehaviour:
  m_ObjectHideFlags: 0
  m_PrefabParentObject: {fileID: 11457170, guid: a0b7360ac5a70ff4193eca8f6da4fa57,
    type: 2}
  m_PrefabInternal: {fileID: 71377086}
  m_GameObject: {fileID: 473272575}
  m_Enabled: 1
  m_EditorHideFlags: 0
  m_Script: {fileID: -765806418, guid: f5f67c52d1564df4a8936ccd202a3bd8, type: 3}
  m_Name: 
  m_EditorClassIdentifier: 
  m_Material: {fileID: 0}
  m_Color: {r: 0.7607843, g: 0.22972701, b: 0.32735875, a: 1}
  m_RaycastTarget: 1
  m_OnCullStateChanged:
    m_PersistentCalls:
      m_Calls: []
    m_TypeName: UnityEngine.UI.MaskableGraphic+CullStateChangedEvent, UnityEngine.UI,
      Version=1.0.0.0, Culture=neutral, PublicKeyToken=null
  m_Sprite: {fileID: 21300000, guid: 291502478103f274da140dc9d17c64dc, type: 3}
  m_Type: 0
  m_PreserveAspect: 0
  m_FillCenter: 1
  m_FillMethod: 4
  m_FillAmount: 1
  m_FillClockwise: 1
  m_FillOrigin: 0
--- !u!222 &473272579
CanvasRenderer:
  m_ObjectHideFlags: 0
  m_PrefabParentObject: {fileID: 22213528, guid: a0b7360ac5a70ff4193eca8f6da4fa57,
    type: 2}
  m_PrefabInternal: {fileID: 71377086}
  m_GameObject: {fileID: 473272575}
--- !u!1 &487241360
GameObject:
  m_ObjectHideFlags: 0
  m_PrefabParentObject: {fileID: 114528, guid: a0b7360ac5a70ff4193eca8f6da4fa57, type: 2}
  m_PrefabInternal: {fileID: 71377086}
  serializedVersion: 5
  m_Component:
  - component: {fileID: 487241361}
  - component: {fileID: 487241363}
  - component: {fileID: 487241362}
  m_Layer: 5
  m_Name: Image
  m_TagString: Untagged
  m_Icon: {fileID: 0}
  m_NavMeshLayer: 0
  m_StaticEditorFlags: 0
  m_IsActive: 1
--- !u!224 &487241361
RectTransform:
  m_ObjectHideFlags: 0
  m_PrefabParentObject: {fileID: 22425548, guid: a0b7360ac5a70ff4193eca8f6da4fa57,
    type: 2}
  m_PrefabInternal: {fileID: 71377086}
  m_GameObject: {fileID: 487241360}
  m_LocalRotation: {x: 0, y: 0, z: 0, w: 1}
  m_LocalPosition: {x: 0, y: 0, z: 0}
  m_LocalScale: {x: 1, y: 1, z: 1}
  m_Children: []
  m_Father: {fileID: 791747154}
  m_RootOrder: 0
  m_LocalEulerAnglesHint: {x: 0, y: 0, z: 0}
  m_AnchorMin: {x: 0.5, y: 0.5}
  m_AnchorMax: {x: 0.5, y: 0.5}
  m_AnchoredPosition: {x: -0.0000007748604, y: -0.0000007748604}
  m_SizeDelta: {x: 70, y: 70}
  m_Pivot: {x: 0.5, y: 0.5}
--- !u!114 &487241362
MonoBehaviour:
  m_ObjectHideFlags: 0
  m_PrefabParentObject: {fileID: 11483928, guid: a0b7360ac5a70ff4193eca8f6da4fa57,
    type: 2}
  m_PrefabInternal: {fileID: 71377086}
  m_GameObject: {fileID: 487241360}
  m_Enabled: 1
  m_EditorHideFlags: 0
  m_Script: {fileID: -765806418, guid: f5f67c52d1564df4a8936ccd202a3bd8, type: 3}
  m_Name: 
  m_EditorClassIdentifier: 
  m_Material: {fileID: 0}
  m_Color: {r: 0.94509804, g: 0.9254902, b: 0.8745098, a: 1}
  m_RaycastTarget: 1
  m_OnCullStateChanged:
    m_PersistentCalls:
      m_Calls: []
    m_TypeName: UnityEngine.UI.MaskableGraphic+CullStateChangedEvent, UnityEngine.UI,
      Version=1.0.0.0, Culture=neutral, PublicKeyToken=null
  m_Sprite: {fileID: 21300000, guid: 377a4d562faa09d48bca2591c4304545, type: 3}
  m_Type: 0
  m_PreserveAspect: 0
  m_FillCenter: 1
  m_FillMethod: 4
  m_FillAmount: 1
  m_FillClockwise: 1
  m_FillOrigin: 0
--- !u!222 &487241363
CanvasRenderer:
  m_ObjectHideFlags: 0
  m_PrefabParentObject: {fileID: 22223030, guid: a0b7360ac5a70ff4193eca8f6da4fa57,
    type: 2}
  m_PrefabInternal: {fileID: 71377086}
  m_GameObject: {fileID: 487241360}
--- !u!1 &519081857
GameObject:
  m_ObjectHideFlags: 0
  m_PrefabParentObject: {fileID: 183522, guid: a0b7360ac5a70ff4193eca8f6da4fa57, type: 2}
  m_PrefabInternal: {fileID: 71377086}
  serializedVersion: 5
  m_Component:
  - component: {fileID: 519081858}
  - component: {fileID: 519081860}
  - component: {fileID: 519081859}
  m_Layer: 5
  m_Name: Text
  m_TagString: Untagged
  m_Icon: {fileID: 0}
  m_NavMeshLayer: 0
  m_StaticEditorFlags: 0
  m_IsActive: 1
--- !u!224 &519081858
RectTransform:
  m_ObjectHideFlags: 0
  m_PrefabParentObject: {fileID: 22469966, guid: a0b7360ac5a70ff4193eca8f6da4fa57,
    type: 2}
  m_PrefabInternal: {fileID: 71377086}
  m_GameObject: {fileID: 519081857}
  m_LocalRotation: {x: 0, y: 0, z: 0, w: 1}
  m_LocalPosition: {x: 0, y: 199.99951, z: 0}
  m_LocalScale: {x: 1.3333334, y: 1.3333334, z: 1}
  m_Children: []
  m_Father: {fileID: 935256685}
  m_RootOrder: 0
  m_LocalEulerAnglesHint: {x: 0, y: 0, z: 0}
  m_AnchorMin: {x: 0.5, y: 0.5}
  m_AnchorMax: {x: 0.5, y: 0.5}
  m_AnchoredPosition: {x: 0, y: 199.99951}
  m_SizeDelta: {x: 675, y: 179}
  m_Pivot: {x: 0.5, y: 0.5}
--- !u!114 &519081859
MonoBehaviour:
  m_ObjectHideFlags: 0
  m_PrefabParentObject: {fileID: 11496822, guid: a0b7360ac5a70ff4193eca8f6da4fa57,
    type: 2}
  m_PrefabInternal: {fileID: 71377086}
  m_GameObject: {fileID: 519081857}
  m_Enabled: 1
  m_EditorHideFlags: 0
  m_Script: {fileID: 708705254, guid: f5f67c52d1564df4a8936ccd202a3bd8, type: 3}
  m_Name: 
  m_EditorClassIdentifier: 
  m_Material: {fileID: 0}
  m_Color: {r: 0.94509804, g: 0.9254902, b: 0.8745098, a: 1}
  m_RaycastTarget: 1
  m_OnCullStateChanged:
    m_PersistentCalls:
      m_Calls: []
    m_TypeName: UnityEngine.UI.MaskableGraphic+CullStateChangedEvent, UnityEngine.UI,
      Version=1.0.0.0, Culture=neutral, PublicKeyToken=null
  m_FontData:
    m_Font: {fileID: 12800000, guid: 7dfc2e1472ac84e1bb749a8a9f934483, type: 3}
    m_FontSize: 80
    m_FontStyle: 0
    m_BestFit: 0
    m_MinSize: 10
    m_MaxSize: 80
    m_Alignment: 4
    m_AlignByGeometry: 0
    m_RichText: 1
    m_HorizontalOverflow: 0
    m_VerticalOverflow: 0
    m_LineSpacing: 1
  m_Text: Tic Tac Toe
--- !u!222 &519081860
CanvasRenderer:
  m_ObjectHideFlags: 0
  m_PrefabParentObject: {fileID: 22200788, guid: a0b7360ac5a70ff4193eca8f6da4fa57,
    type: 2}
  m_PrefabInternal: {fileID: 71377086}
  m_GameObject: {fileID: 519081857}
--- !u!1 &696347946
GameObject:
  m_ObjectHideFlags: 0
  m_PrefabParentObject: {fileID: 110780, guid: a0b7360ac5a70ff4193eca8f6da4fa57, type: 2}
  m_PrefabInternal: {fileID: 71377086}
  serializedVersion: 5
  m_Component:
  - component: {fileID: 696347947}
  - component: {fileID: 696347949}
  - component: {fileID: 696347948}
  m_Layer: 5
  m_Name: Panel
  m_TagString: Untagged
  m_Icon: {fileID: 0}
  m_NavMeshLayer: 0
  m_StaticEditorFlags: 0
  m_IsActive: 1
--- !u!224 &696347947
RectTransform:
  m_ObjectHideFlags: 0
  m_PrefabParentObject: {fileID: 22415270, guid: a0b7360ac5a70ff4193eca8f6da4fa57,
    type: 2}
  m_PrefabInternal: {fileID: 71377086}
  m_GameObject: {fileID: 696347946}
  m_LocalRotation: {x: 0, y: 0, z: 0, w: 1}
  m_LocalPosition: {x: 0, y: 9, z: 0}
  m_LocalScale: {x: 1, y: 1, z: 1}
  m_Children:
  - {fileID: 1857783383}
  m_Father: {fileID: 473272576}
  m_RootOrder: 0
  m_LocalEulerAnglesHint: {x: 0, y: 0, z: 0}
  m_AnchorMin: {x: 0.5, y: 0.5}
  m_AnchorMax: {x: 0.5, y: 0.5}
  m_AnchoredPosition: {x: 0, y: 9}
  m_SizeDelta: {x: 206, y: 206}
  m_Pivot: {x: 0.5, y: 0.5}
--- !u!114 &696347948
MonoBehaviour:
  m_ObjectHideFlags: 0
  m_PrefabParentObject: {fileID: 11404270, guid: a0b7360ac5a70ff4193eca8f6da4fa57,
    type: 2}
  m_PrefabInternal: {fileID: 71377086}
  m_GameObject: {fileID: 696347946}
  m_Enabled: 1
  m_EditorHideFlags: 0
  m_Script: {fileID: -765806418, guid: f5f67c52d1564df4a8936ccd202a3bd8, type: 3}
  m_Name: 
  m_EditorClassIdentifier: 
  m_Material: {fileID: 0}
  m_Color: {r: 0.95686275, g: 0.29019612, b: 0.41217044, a: 1}
  m_RaycastTarget: 1
  m_OnCullStateChanged:
    m_PersistentCalls:
      m_Calls: []
    m_TypeName: UnityEngine.UI.MaskableGraphic+CullStateChangedEvent, UnityEngine.UI,
      Version=1.0.0.0, Culture=neutral, PublicKeyToken=null
  m_Sprite: {fileID: 21300000, guid: 291502478103f274da140dc9d17c64dc, type: 3}
  m_Type: 0
  m_PreserveAspect: 0
  m_FillCenter: 1
  m_FillMethod: 4
  m_FillAmount: 1
  m_FillClockwise: 1
  m_FillOrigin: 0
--- !u!222 &696347949
CanvasRenderer:
  m_ObjectHideFlags: 0
  m_PrefabParentObject: {fileID: 22265830, guid: a0b7360ac5a70ff4193eca8f6da4fa57,
    type: 2}
  m_PrefabInternal: {fileID: 71377086}
  m_GameObject: {fileID: 696347946}
--- !u!1 &727860215
GameObject:
  m_ObjectHideFlags: 0
  m_PrefabParentObject: {fileID: 197424, guid: a0b7360ac5a70ff4193eca8f6da4fa57, type: 2}
  m_PrefabInternal: {fileID: 71377086}
  serializedVersion: 5
  m_Component:
  - component: {fileID: 727860216}
  - component: {fileID: 727860218}
  - component: {fileID: 727860217}
  m_Layer: 5
  m_Name: Image
  m_TagString: Untagged
  m_Icon: {fileID: 0}
  m_NavMeshLayer: 0
  m_StaticEditorFlags: 0
  m_IsActive: 1
--- !u!224 &727860216
RectTransform:
  m_ObjectHideFlags: 0
  m_PrefabParentObject: {fileID: 22483700, guid: a0b7360ac5a70ff4193eca8f6da4fa57,
    type: 2}
  m_PrefabInternal: {fileID: 71377086}
  m_GameObject: {fileID: 727860215}
  m_LocalRotation: {x: 0, y: 0, z: 0.3826835, w: 0.92387956}
  m_LocalPosition: {x: 0, y: 0, z: 0}
  m_LocalScale: {x: 1, y: 1, z: 1}
  m_Children: []
  m_Father: {fileID: 829709726}
  m_RootOrder: 0
  m_LocalEulerAnglesHint: {x: 0, y: 0, z: 0}
  m_AnchorMin: {x: 0.5, y: 0.5}
  m_AnchorMax: {x: 0.5, y: 0.5}
  m_AnchoredPosition: {x: 0, y: 0}
  m_SizeDelta: {x: 72, y: 10}
  m_Pivot: {x: 0.5, y: 0.5}
--- !u!114 &727860217
MonoBehaviour:
  m_ObjectHideFlags: 0
  m_PrefabParentObject: {fileID: 11447722, guid: a0b7360ac5a70ff4193eca8f6da4fa57,
    type: 2}
  m_PrefabInternal: {fileID: 71377086}
  m_GameObject: {fileID: 727860215}
  m_Enabled: 1
  m_EditorHideFlags: 0
  m_Script: {fileID: -765806418, guid: f5f67c52d1564df4a8936ccd202a3bd8, type: 3}
  m_Name: 
  m_EditorClassIdentifier: 
  m_Material: {fileID: 0}
  m_Color: {r: 0.94509804, g: 0.9254902, b: 0.8745098, a: 1}
  m_RaycastTarget: 1
  m_OnCullStateChanged:
    m_PersistentCalls:
      m_Calls: []
    m_TypeName: UnityEngine.UI.MaskableGraphic+CullStateChangedEvent, UnityEngine.UI,
      Version=1.0.0.0, Culture=neutral, PublicKeyToken=null
  m_Sprite: {fileID: 21300000, guid: 7ed1238760b863f4aafde32ab3a6f28c, type: 3}
  m_Type: 1
  m_PreserveAspect: 0
  m_FillCenter: 1
  m_FillMethod: 4
  m_FillAmount: 1
  m_FillClockwise: 1
  m_FillOrigin: 0
--- !u!222 &727860218
CanvasRenderer:
  m_ObjectHideFlags: 0
  m_PrefabParentObject: {fileID: 22272024, guid: a0b7360ac5a70ff4193eca8f6da4fa57,
    type: 2}
  m_PrefabInternal: {fileID: 71377086}
  m_GameObject: {fileID: 727860215}
--- !u!1 &791747153
GameObject:
  m_ObjectHideFlags: 0
  m_PrefabParentObject: {fileID: 185648, guid: a0b7360ac5a70ff4193eca8f6da4fa57, type: 2}
  m_PrefabInternal: {fileID: 71377086}
  serializedVersion: 5
  m_Component:
  - component: {fileID: 791747154}
  - component: {fileID: 791747156}
  - component: {fileID: 791747155}
  m_Layer: 5
  m_Name: Panel
  m_TagString: Untagged
  m_Icon: {fileID: 0}
  m_NavMeshLayer: 0
  m_StaticEditorFlags: 0
  m_IsActive: 1
--- !u!224 &791747154
RectTransform:
  m_ObjectHideFlags: 0
  m_PrefabParentObject: {fileID: 22470752, guid: a0b7360ac5a70ff4193eca8f6da4fa57,
    type: 2}
  m_PrefabInternal: {fileID: 71377086}
  m_GameObject: {fileID: 791747153}
  m_LocalRotation: {x: 0, y: 0, z: 0, w: 1}
  m_LocalPosition: {x: 0, y: 9, z: 0}
  m_LocalScale: {x: 1, y: 1, z: 1}
  m_Children:
  - {fileID: 487241361}
  m_Father: {fileID: 226216609}
  m_RootOrder: 0
  m_LocalEulerAnglesHint: {x: 0, y: 0, z: 0}
  m_AnchorMin: {x: 0.5, y: 0.5}
  m_AnchorMax: {x: 0.5, y: 0.5}
  m_AnchoredPosition: {x: 0, y: 9}
  m_SizeDelta: {x: 206, y: 206}
  m_Pivot: {x: 0.5, y: 0.5}
--- !u!114 &791747155
MonoBehaviour:
  m_ObjectHideFlags: 0
  m_PrefabParentObject: {fileID: 11474086, guid: a0b7360ac5a70ff4193eca8f6da4fa57,
    type: 2}
  m_PrefabInternal: {fileID: 71377086}
  m_GameObject: {fileID: 791747153}
  m_Enabled: 1
  m_EditorHideFlags: 0
  m_Script: {fileID: -765806418, guid: f5f67c52d1564df4a8936ccd202a3bd8, type: 3}
  m_Name: 
  m_EditorClassIdentifier: 
  m_Material: {fileID: 0}
  m_Color: {r: 0.95686275, g: 0.29019612, b: 0.41217044, a: 1}
  m_RaycastTarget: 1
  m_OnCullStateChanged:
    m_PersistentCalls:
      m_Calls: []
    m_TypeName: UnityEngine.UI.MaskableGraphic+CullStateChangedEvent, UnityEngine.UI,
      Version=1.0.0.0, Culture=neutral, PublicKeyToken=null
  m_Sprite: {fileID: 21300000, guid: 291502478103f274da140dc9d17c64dc, type: 3}
  m_Type: 0
  m_PreserveAspect: 0
  m_FillCenter: 1
  m_FillMethod: 4
  m_FillAmount: 1
  m_FillClockwise: 1
  m_FillOrigin: 0
--- !u!222 &791747156
CanvasRenderer:
  m_ObjectHideFlags: 0
  m_PrefabParentObject: {fileID: 22288232, guid: a0b7360ac5a70ff4193eca8f6da4fa57,
    type: 2}
  m_PrefabInternal: {fileID: 71377086}
  m_GameObject: {fileID: 791747153}
--- !u!1 &829709725
GameObject:
  m_ObjectHideFlags: 0
  m_PrefabParentObject: {fileID: 189706, guid: a0b7360ac5a70ff4193eca8f6da4fa57, type: 2}
  m_PrefabInternal: {fileID: 71377086}
  serializedVersion: 5
  m_Component:
  - component: {fileID: 829709726}
  - component: {fileID: 829709728}
  - component: {fileID: 829709727}
  m_Layer: 5
  m_Name: Panel
  m_TagString: Untagged
  m_Icon: {fileID: 0}
  m_NavMeshLayer: 0
  m_StaticEditorFlags: 0
  m_IsActive: 1
--- !u!224 &829709726
RectTransform:
  m_ObjectHideFlags: 0
  m_PrefabParentObject: {fileID: 22494754, guid: a0b7360ac5a70ff4193eca8f6da4fa57,
    type: 2}
  m_PrefabInternal: {fileID: 71377086}
  m_GameObject: {fileID: 829709725}
  m_LocalRotation: {x: 0, y: 0, z: 0, w: 1}
  m_LocalPosition: {x: 0, y: 9, z: 0}
  m_LocalScale: {x: 1, y: 1, z: 1}
  m_Children:
  - {fileID: 727860216}
  - {fileID: 1164742098}
  m_Father: {fileID: 1897493598}
  m_RootOrder: 0
  m_LocalEulerAnglesHint: {x: 0, y: 0, z: 0}
  m_AnchorMin: {x: 0.5, y: 0.5}
  m_AnchorMax: {x: 0.5, y: 0.5}
  m_AnchoredPosition: {x: 0, y: 9}
  m_SizeDelta: {x: 206, y: 206}
  m_Pivot: {x: 0.5, y: 0.5}
--- !u!114 &829709727
MonoBehaviour:
  m_ObjectHideFlags: 0
  m_PrefabParentObject: {fileID: 11475894, guid: a0b7360ac5a70ff4193eca8f6da4fa57,
    type: 2}
  m_PrefabInternal: {fileID: 71377086}
  m_GameObject: {fileID: 829709725}
  m_Enabled: 1
  m_EditorHideFlags: 0
  m_Script: {fileID: -765806418, guid: f5f67c52d1564df4a8936ccd202a3bd8, type: 3}
  m_Name: 
  m_EditorClassIdentifier: 
  m_Material: {fileID: 0}
  m_Color: {r: 0.12156863, g: 0.827451, b: 0.5764706, a: 1}
  m_RaycastTarget: 1
  m_OnCullStateChanged:
    m_PersistentCalls:
      m_Calls: []
    m_TypeName: UnityEngine.UI.MaskableGraphic+CullStateChangedEvent, UnityEngine.UI,
      Version=1.0.0.0, Culture=neutral, PublicKeyToken=null
  m_Sprite: {fileID: 21300000, guid: 291502478103f274da140dc9d17c64dc, type: 3}
  m_Type: 0
  m_PreserveAspect: 0
  m_FillCenter: 1
  m_FillMethod: 4
  m_FillAmount: 1
  m_FillClockwise: 1
  m_FillOrigin: 0
--- !u!222 &829709728
CanvasRenderer:
  m_ObjectHideFlags: 0
  m_PrefabParentObject: {fileID: 22263514, guid: a0b7360ac5a70ff4193eca8f6da4fa57,
    type: 2}
  m_PrefabInternal: {fileID: 71377086}
  m_GameObject: {fileID: 829709725}
--- !u!1 &932034120
GameObject:
  m_ObjectHideFlags: 0
  m_PrefabParentObject: {fileID: 183586, guid: a0b7360ac5a70ff4193eca8f6da4fa57, type: 2}
  m_PrefabInternal: {fileID: 71377086}
  serializedVersion: 5
  m_Component:
  - component: {fileID: 932034124}
  - component: {fileID: 932034123}
  - component: {fileID: 932034122}
  - component: {fileID: 932034121}
  m_Layer: 5
  m_Name: GameTablet_6
  m_TagString: Untagged
  m_Icon: {fileID: 0}
  m_NavMeshLayer: 0
  m_StaticEditorFlags: 0
  m_IsActive: 1
--- !u!114 &932034121
MonoBehaviour:
  m_ObjectHideFlags: 0
  m_PrefabParentObject: {fileID: 11463004, guid: a0b7360ac5a70ff4193eca8f6da4fa57,
    type: 2}
  m_PrefabInternal: {fileID: 71377086}
  m_GameObject: {fileID: 932034120}
  m_Enabled: 1
  m_EditorHideFlags: 0
  m_Script: {fileID: 1301386320, guid: f5f67c52d1564df4a8936ccd202a3bd8, type: 3}
  m_Name: 
  m_EditorClassIdentifier: 
  m_IgnoreReversedGraphics: 1
  m_BlockingObjects: 0
  m_BlockingMask:
    serializedVersion: 2
    m_Bits: 4294967295
--- !u!114 &932034122
MonoBehaviour:
  m_ObjectHideFlags: 0
  m_PrefabParentObject: {fileID: 11431282, guid: a0b7360ac5a70ff4193eca8f6da4fa57,
    type: 2}
  m_PrefabInternal: {fileID: 71377086}
  m_GameObject: {fileID: 932034120}
  m_Enabled: 1
  m_EditorHideFlags: 0
  m_Script: {fileID: 1980459831, guid: f5f67c52d1564df4a8936ccd202a3bd8, type: 3}
  m_Name: 
  m_EditorClassIdentifier: 
  m_UiScaleMode: 1
  m_ReferencePixelsPerUnit: 100
  m_ScaleFactor: 1
  m_ReferenceResolution: {x: 1920, y: 1080}
  m_ScreenMatchMode: 0
  m_MatchWidthOrHeight: 0
  m_PhysicalUnit: 3
  m_FallbackScreenDPI: 96
  m_DefaultSpriteDPI: 96
  m_DynamicPixelsPerUnit: 1
--- !u!223 &932034123
Canvas:
  m_ObjectHideFlags: 0
  m_PrefabParentObject: {fileID: 22327606, guid: a0b7360ac5a70ff4193eca8f6da4fa57,
    type: 2}
  m_PrefabInternal: {fileID: 71377086}
  m_GameObject: {fileID: 932034120}
  m_Enabled: 1
  serializedVersion: 3
  m_RenderMode: 0
  m_Camera: {fileID: 0}
  m_PlaneDistance: 100
  m_PixelPerfect: 1
  m_ReceivesEvents: 1
  m_OverrideSorting: 0
  m_OverridePixelPerfect: 0
  m_SortingBucketNormalizedSize: 0
  m_AdditionalShaderChannelsFlag: 25
  m_SortingLayerID: 0
  m_SortingOrder: 0
  m_TargetDisplay: 0
--- !u!224 &932034124
RectTransform:
  m_ObjectHideFlags: 0
  m_PrefabParentObject: {fileID: 22446964, guid: a0b7360ac5a70ff4193eca8f6da4fa57,
    type: 2}
  m_PrefabInternal: {fileID: 71377086}
  m_GameObject: {fileID: 932034120}
  m_LocalRotation: {x: 0, y: 0, z: 0, w: 1}
  m_LocalPosition: {x: 320, y: 240, z: 0}
  m_LocalScale: {x: 0.33333334, y: 0.33333334, z: 0.33333334}
  m_Children:
  - {fileID: 1145201388}
  - {fileID: 81433345}
  m_Father: {fileID: 0}
  m_RootOrder: 0
  m_LocalEulerAnglesHint: {x: 0, y: 0, z: 0}
  m_AnchorMin: {x: 0, y: 0}
  m_AnchorMax: {x: 0, y: 0}
  m_AnchoredPosition: {x: 320, y: 240}
  m_SizeDelta: {x: 1920, y: 1440}
  m_Pivot: {x: 0.5, y: 0.5}
--- !u!1 &935256684
GameObject:
  m_ObjectHideFlags: 0
  m_PrefabParentObject: {fileID: 172506, guid: a0b7360ac5a70ff4193eca8f6da4fa57, type: 2}
  m_PrefabInternal: {fileID: 71377086}
  serializedVersion: 5
  m_Component:
  - component: {fileID: 935256685}
  - component: {fileID: 935256688}
  - component: {fileID: 935256687}
  - component: {fileID: 935256686}
  m_Layer: 5
  m_Name: InfoBars
  m_TagString: Untagged
  m_Icon: {fileID: 0}
  m_NavMeshLayer: 0
  m_StaticEditorFlags: 0
  m_IsActive: 1
--- !u!224 &935256685
RectTransform:
  m_ObjectHideFlags: 0
  m_PrefabParentObject: {fileID: 22470462, guid: a0b7360ac5a70ff4193eca8f6da4fa57,
    type: 2}
  m_PrefabInternal: {fileID: 71377086}
  m_GameObject: {fileID: 935256684}
  m_LocalRotation: {x: 0, y: 0, z: 0, w: 1}
  m_LocalPosition: {x: 0, y: 671.70044, z: 0}
  m_LocalScale: {x: 0.6, y: 0.6, z: 1}
  m_Children:
  - {fileID: 519081858}
  - {fileID: 1150635694}
  - {fileID: 338481540}
  - {fileID: 1605294395}
  m_Father: {fileID: 81433345}
  m_RootOrder: 10
  m_LocalEulerAnglesHint: {x: 0, y: 0, z: 0}
  m_AnchorMin: {x: 0.5, y: 0.5}
  m_AnchorMax: {x: 0.5, y: 0.5}
  m_AnchoredPosition: {x: 0, y: 671.70044}
  m_SizeDelta: {x: 210.8, y: 100}
  m_Pivot: {x: 0.5, y: 0.5}
--- !u!114 &935256686
MonoBehaviour:
  m_ObjectHideFlags: 0
  m_PrefabParentObject: {fileID: 11453992, guid: a0b7360ac5a70ff4193eca8f6da4fa57,
    type: 2}
  m_PrefabInternal: {fileID: 71377086}
  m_GameObject: {fileID: 935256684}
  m_Enabled: 1
  m_EditorHideFlags: 0
  m_Script: {fileID: 1392445389, guid: f5f67c52d1564df4a8936ccd202a3bd8, type: 3}
  m_Name: 
  m_EditorClassIdentifier: 
  m_Navigation:
    m_Mode: 3
    m_SelectOnUp: {fileID: 0}
    m_SelectOnDown: {fileID: 0}
    m_SelectOnLeft: {fileID: 0}
    m_SelectOnRight: {fileID: 0}
  m_Transition: 1
  m_Colors:
    m_NormalColor: {r: 1, g: 1, b: 1, a: 1}
    m_HighlightedColor: {r: 0.9607843, g: 0.9607843, b: 0.9607843, a: 1}
    m_PressedColor: {r: 0.78431374, g: 0.78431374, b: 0.78431374, a: 1}
    m_DisabledColor: {r: 0.78431374, g: 0.78431374, b: 0.78431374, a: 0.5019608}
    m_ColorMultiplier: 1
    m_FadeDuration: 0.1
  m_SpriteState:
    m_HighlightedSprite: {fileID: 0}
    m_PressedSprite: {fileID: 0}
    m_DisabledSprite: {fileID: 0}
  m_AnimationTriggers:
    m_NormalTrigger: Normal
    m_HighlightedTrigger: Highlighted
    m_PressedTrigger: Pressed
    m_DisabledTrigger: Disabled
  m_Interactable: 1
  m_TargetGraphic: {fileID: 935256687}
  m_OnClick:
    m_PersistentCalls:
      m_Calls: []
    m_TypeName: UnityEngine.UI.Button+ButtonClickedEvent, UnityEngine.UI, Version=1.0.0.0,
      Culture=neutral, PublicKeyToken=null
--- !u!114 &935256687
MonoBehaviour:
  m_ObjectHideFlags: 0
  m_PrefabParentObject: {fileID: 11497044, guid: a0b7360ac5a70ff4193eca8f6da4fa57,
    type: 2}
  m_PrefabInternal: {fileID: 71377086}
  m_GameObject: {fileID: 935256684}
  m_Enabled: 1
  m_EditorHideFlags: 0
  m_Script: {fileID: -765806418, guid: f5f67c52d1564df4a8936ccd202a3bd8, type: 3}
  m_Name: 
  m_EditorClassIdentifier: 
  m_Material: {fileID: 0}
  m_Color: {r: 0.12156863, g: 0.8235294, b: 0.57254905, a: 1}
  m_RaycastTarget: 1
  m_OnCullStateChanged:
    m_PersistentCalls:
      m_Calls: []
    m_TypeName: UnityEngine.UI.MaskableGraphic+CullStateChangedEvent, UnityEngine.UI,
      Version=1.0.0.0, Culture=neutral, PublicKeyToken=null
  m_Sprite: {fileID: 21300000, guid: d933e3d481575ca4b8c63bf881596b5f, type: 3}
  m_Type: 1
  m_PreserveAspect: 0
  m_FillCenter: 1
  m_FillMethod: 4
  m_FillAmount: 1
  m_FillClockwise: 1
  m_FillOrigin: 0
--- !u!222 &935256688
CanvasRenderer:
  m_ObjectHideFlags: 0
  m_PrefabParentObject: {fileID: 22231598, guid: a0b7360ac5a70ff4193eca8f6da4fa57,
    type: 2}
  m_PrefabInternal: {fileID: 71377086}
  m_GameObject: {fileID: 935256684}
--- !u!1 &1039729048
GameObject:
  m_ObjectHideFlags: 0
  m_PrefabParentObject: {fileID: 167186, guid: a0b7360ac5a70ff4193eca8f6da4fa57, type: 2}
  m_PrefabInternal: {fileID: 71377086}
  serializedVersion: 5
  m_Component:
  - component: {fileID: 1039729049}
  - component: {fileID: 1039729051}
  - component: {fileID: 1039729050}
  m_Layer: 5
  m_Name: Image
  m_TagString: Untagged
  m_Icon: {fileID: 0}
  m_NavMeshLayer: 0
  m_StaticEditorFlags: 0
  m_IsActive: 1
--- !u!224 &1039729049
RectTransform:
  m_ObjectHideFlags: 0
  m_PrefabParentObject: {fileID: 22407500, guid: a0b7360ac5a70ff4193eca8f6da4fa57,
    type: 2}
  m_PrefabInternal: {fileID: 71377086}
  m_GameObject: {fileID: 1039729048}
  m_LocalRotation: {x: 0, y: 0, z: -0.3826835, w: 0.92387956}
  m_LocalPosition: {x: 0, y: 0, z: 0}
  m_LocalScale: {x: 1, y: 1, z: 1}
  m_Children: []
  m_Father: {fileID: 1389093364}
  m_RootOrder: 1
  m_LocalEulerAnglesHint: {x: 0, y: 0, z: 0}
  m_AnchorMin: {x: 0.5, y: 0.5}
  m_AnchorMax: {x: 0.5, y: 0.5}
  m_AnchoredPosition: {x: 0, y: 0}
  m_SizeDelta: {x: 72, y: 10}
  m_Pivot: {x: 0.5, y: 0.5}
--- !u!114 &1039729050
MonoBehaviour:
  m_ObjectHideFlags: 0
  m_PrefabParentObject: {fileID: 11477622, guid: a0b7360ac5a70ff4193eca8f6da4fa57,
    type: 2}
  m_PrefabInternal: {fileID: 71377086}
  m_GameObject: {fileID: 1039729048}
  m_Enabled: 1
  m_EditorHideFlags: 0
  m_Script: {fileID: -765806418, guid: f5f67c52d1564df4a8936ccd202a3bd8, type: 3}
  m_Name: 
  m_EditorClassIdentifier: 
  m_Material: {fileID: 0}
  m_Color: {r: 0.94509804, g: 0.9254902, b: 0.8745098, a: 1}
  m_RaycastTarget: 1
  m_OnCullStateChanged:
    m_PersistentCalls:
      m_Calls: []
    m_TypeName: UnityEngine.UI.MaskableGraphic+CullStateChangedEvent, UnityEngine.UI,
      Version=1.0.0.0, Culture=neutral, PublicKeyToken=null
  m_Sprite: {fileID: 21300000, guid: 7ed1238760b863f4aafde32ab3a6f28c, type: 3}
  m_Type: 1
  m_PreserveAspect: 0
  m_FillCenter: 1
  m_FillMethod: 4
  m_FillAmount: 1
  m_FillClockwise: 1
  m_FillOrigin: 0
--- !u!222 &1039729051
CanvasRenderer:
  m_ObjectHideFlags: 0
  m_PrefabParentObject: {fileID: 22258576, guid: a0b7360ac5a70ff4193eca8f6da4fa57,
    type: 2}
  m_PrefabInternal: {fileID: 71377086}
  m_GameObject: {fileID: 1039729048}
--- !u!1 &1081403689
GameObject:
  m_ObjectHideFlags: 0
  m_PrefabParentObject: {fileID: 178180, guid: a0b7360ac5a70ff4193eca8f6da4fa57, type: 2}
  m_PrefabInternal: {fileID: 71377086}
  serializedVersion: 5
  m_Component:
  - component: {fileID: 1081403690}
  - component: {fileID: 1081403693}
  - component: {fileID: 1081403692}
  - component: {fileID: 1081403691}
  m_Layer: 5
  m_Name: Button
  m_TagString: Untagged
  m_Icon: {fileID: 0}
  m_NavMeshLayer: 0
  m_StaticEditorFlags: 0
  m_IsActive: 1
--- !u!224 &1081403690
RectTransform:
  m_ObjectHideFlags: 0
  m_PrefabParentObject: {fileID: 22481200, guid: a0b7360ac5a70ff4193eca8f6da4fa57,
    type: 2}
  m_PrefabInternal: {fileID: 71377086}
  m_GameObject: {fileID: 1081403689}
  m_LocalRotation: {x: 0, y: 0, z: 0, w: 1}
  m_LocalPosition: {x: 346, y: 4, z: 0}
  m_LocalScale: {x: 1, y: 1, z: 1}
  m_Children:
  - {fileID: 2062930359}
  m_Father: {fileID: 81433345}
  m_RootOrder: 8
  m_LocalEulerAnglesHint: {x: 0, y: 0, z: 0}
  m_AnchorMin: {x: 0.5, y: 0.5}
  m_AnchorMax: {x: 0.5, y: 0.5}
  m_AnchoredPosition: {x: 346, y: 4}
  m_SizeDelta: {x: 206, y: 206}
  m_Pivot: {x: 0.5, y: 0.5}
--- !u!114 &1081403691
MonoBehaviour:
  m_ObjectHideFlags: 0
  m_PrefabParentObject: {fileID: 11415784, guid: a0b7360ac5a70ff4193eca8f6da4fa57,
    type: 2}
  m_PrefabInternal: {fileID: 71377086}
  m_GameObject: {fileID: 1081403689}
  m_Enabled: 1
  m_EditorHideFlags: 0
  m_Script: {fileID: 1392445389, guid: f5f67c52d1564df4a8936ccd202a3bd8, type: 3}
  m_Name: 
  m_EditorClassIdentifier: 
  m_Navigation:
    m_Mode: 3
    m_SelectOnUp: {fileID: 0}
    m_SelectOnDown: {fileID: 0}
    m_SelectOnLeft: {fileID: 0}
    m_SelectOnRight: {fileID: 0}
  m_Transition: 1
  m_Colors:
    m_NormalColor: {r: 1, g: 1, b: 1, a: 1}
    m_HighlightedColor: {r: 0.9607843, g: 0.9607843, b: 0.9607843, a: 1}
    m_PressedColor: {r: 0.78431374, g: 0.78431374, b: 0.78431374, a: 1}
    m_DisabledColor: {r: 0.78431374, g: 0.78431374, b: 0.78431374, a: 0.5019608}
    m_ColorMultiplier: 1
    m_FadeDuration: 0.1
  m_SpriteState:
    m_HighlightedSprite: {fileID: 0}
    m_PressedSprite: {fileID: 0}
    m_DisabledSprite: {fileID: 0}
  m_AnimationTriggers:
    m_NormalTrigger: Normal
    m_HighlightedTrigger: Highlighted
    m_PressedTrigger: Pressed
    m_DisabledTrigger: Disabled
  m_Interactable: 1
  m_TargetGraphic: {fileID: 1081403692}
  m_OnClick:
    m_PersistentCalls:
      m_Calls: []
    m_TypeName: UnityEngine.UI.Button+ButtonClickedEvent, UnityEngine.UI, Version=1.0.0.0,
      Culture=neutral, PublicKeyToken=null
--- !u!114 &1081403692
MonoBehaviour:
  m_ObjectHideFlags: 0
  m_PrefabParentObject: {fileID: 11466620, guid: a0b7360ac5a70ff4193eca8f6da4fa57,
    type: 2}
  m_PrefabInternal: {fileID: 71377086}
  m_GameObject: {fileID: 1081403689}
  m_Enabled: 1
  m_EditorHideFlags: 0
  m_Script: {fileID: -765806418, guid: f5f67c52d1564df4a8936ccd202a3bd8, type: 3}
  m_Name: 
  m_EditorClassIdentifier: 
  m_Material: {fileID: 0}
  m_Color: {r: 0.09843906, g: 0.6784314, b: 0.47002196, a: 1}
  m_RaycastTarget: 1
  m_OnCullStateChanged:
    m_PersistentCalls:
      m_Calls: []
    m_TypeName: UnityEngine.UI.MaskableGraphic+CullStateChangedEvent, UnityEngine.UI,
      Version=1.0.0.0, Culture=neutral, PublicKeyToken=null
  m_Sprite: {fileID: 21300000, guid: 291502478103f274da140dc9d17c64dc, type: 3}
  m_Type: 0
  m_PreserveAspect: 0
  m_FillCenter: 1
  m_FillMethod: 4
  m_FillAmount: 1
  m_FillClockwise: 1
  m_FillOrigin: 0
--- !u!222 &1081403693
CanvasRenderer:
  m_ObjectHideFlags: 0
  m_PrefabParentObject: {fileID: 22246660, guid: a0b7360ac5a70ff4193eca8f6da4fa57,
    type: 2}
  m_PrefabInternal: {fileID: 71377086}
  m_GameObject: {fileID: 1081403689}
--- !u!1 &1098134466
GameObject:
  m_ObjectHideFlags: 0
  m_PrefabParentObject: {fileID: 124968, guid: a0b7360ac5a70ff4193eca8f6da4fa57, type: 2}
  m_PrefabInternal: {fileID: 71377086}
  serializedVersion: 5
  m_Component:
  - component: {fileID: 1098134467}
  - component: {fileID: 1098134469}
  - component: {fileID: 1098134468}
  m_Layer: 5
  m_Name: Lines
  m_TagString: Untagged
  m_Icon: {fileID: 0}
  m_NavMeshLayer: 0
  m_StaticEditorFlags: 0
  m_IsActive: 1
--- !u!224 &1098134467
RectTransform:
  m_ObjectHideFlags: 0
  m_PrefabParentObject: {fileID: 22452052, guid: a0b7360ac5a70ff4193eca8f6da4fa57,
    type: 2}
  m_PrefabInternal: {fileID: 71377086}
  m_GameObject: {fileID: 1098134466}
  m_LocalRotation: {x: 0, y: 0, z: 0, w: 1}
  m_LocalPosition: {x: 8, y: 169, z: 0}
  m_LocalScale: {x: 1.3, y: 1.3, z: 1}
  m_Children: []
  m_Father: {fileID: 81433345}
  m_RootOrder: 0
  m_LocalEulerAnglesHint: {x: 0, y: 0, z: 0}
  m_AnchorMin: {x: 0.5, y: 0.5}
  m_AnchorMax: {x: 0.5, y: 0.5}
  m_AnchoredPosition: {x: 8, y: 169}
  m_SizeDelta: {x: 721, y: 10}
  m_Pivot: {x: 0.5, y: 0.5}
--- !u!114 &1098134468
MonoBehaviour:
  m_ObjectHideFlags: 0
  m_PrefabParentObject: {fileID: 11442104, guid: a0b7360ac5a70ff4193eca8f6da4fa57,
    type: 2}
  m_PrefabInternal: {fileID: 71377086}
  m_GameObject: {fileID: 1098134466}
  m_Enabled: 1
  m_EditorHideFlags: 0
  m_Script: {fileID: -765806418, guid: f5f67c52d1564df4a8936ccd202a3bd8, type: 3}
  m_Name: 
  m_EditorClassIdentifier: 
  m_Material: {fileID: 0}
  m_Color: {r: 0.9490196, g: 0.92941177, b: 0.8784314, a: 1}
  m_RaycastTarget: 1
  m_OnCullStateChanged:
    m_PersistentCalls:
      m_Calls: []
    m_TypeName: UnityEngine.UI.MaskableGraphic+CullStateChangedEvent, UnityEngine.UI,
      Version=1.0.0.0, Culture=neutral, PublicKeyToken=null
  m_Sprite: {fileID: 21300000, guid: 7ed1238760b863f4aafde32ab3a6f28c, type: 3}
  m_Type: 1
  m_PreserveAspect: 0
  m_FillCenter: 1
  m_FillMethod: 4
  m_FillAmount: 1
  m_FillClockwise: 1
  m_FillOrigin: 0
--- !u!222 &1098134469
CanvasRenderer:
  m_ObjectHideFlags: 0
  m_PrefabParentObject: {fileID: 22290054, guid: a0b7360ac5a70ff4193eca8f6da4fa57,
    type: 2}
  m_PrefabInternal: {fileID: 71377086}
  m_GameObject: {fileID: 1098134466}
--- !u!1 &1126210480
GameObject:
  m_ObjectHideFlags: 0
  m_PrefabParentObject: {fileID: 169262, guid: a0b7360ac5a70ff4193eca8f6da4fa57, type: 2}
  m_PrefabInternal: {fileID: 71377086}
  serializedVersion: 5
  m_Component:
  - component: {fileID: 1126210481}
  - component: {fileID: 1126210483}
  - component: {fileID: 1126210482}
  m_Layer: 5
  m_Name: Image
  m_TagString: Untagged
  m_Icon: {fileID: 0}
  m_NavMeshLayer: 0
  m_StaticEditorFlags: 0
  m_IsActive: 1
--- !u!224 &1126210481
RectTransform:
  m_ObjectHideFlags: 0
  m_PrefabParentObject: {fileID: 22417842, guid: a0b7360ac5a70ff4193eca8f6da4fa57,
    type: 2}
  m_PrefabInternal: {fileID: 71377086}
  m_GameObject: {fileID: 1126210480}
  m_LocalRotation: {x: 0, y: 0, z: 0, w: 1}
  m_LocalPosition: {x: 0, y: 0, z: 0}
  m_LocalScale: {x: 1, y: 1, z: 1}
  m_Children: []
  m_Father: {fileID: 1573718413}
  m_RootOrder: 0
  m_LocalEulerAnglesHint: {x: 0, y: 0, z: 0}
  m_AnchorMin: {x: 0.5, y: 0.5}
  m_AnchorMax: {x: 0.5, y: 0.5}
  m_AnchoredPosition: {x: -0.0000007748604, y: -0.0000007748604}
  m_SizeDelta: {x: 70, y: 70}
  m_Pivot: {x: 0.5, y: 0.5}
--- !u!114 &1126210482
MonoBehaviour:
  m_ObjectHideFlags: 0
  m_PrefabParentObject: {fileID: 11473046, guid: a0b7360ac5a70ff4193eca8f6da4fa57,
    type: 2}
  m_PrefabInternal: {fileID: 71377086}
  m_GameObject: {fileID: 1126210480}
  m_Enabled: 1
  m_EditorHideFlags: 0
  m_Script: {fileID: -765806418, guid: f5f67c52d1564df4a8936ccd202a3bd8, type: 3}
  m_Name: 
  m_EditorClassIdentifier: 
  m_Material: {fileID: 0}
  m_Color: {r: 0.94509804, g: 0.9254902, b: 0.8745098, a: 1}
  m_RaycastTarget: 1
  m_OnCullStateChanged:
    m_PersistentCalls:
      m_Calls: []
    m_TypeName: UnityEngine.UI.MaskableGraphic+CullStateChangedEvent, UnityEngine.UI,
      Version=1.0.0.0, Culture=neutral, PublicKeyToken=null
  m_Sprite: {fileID: 21300000, guid: 377a4d562faa09d48bca2591c4304545, type: 3}
  m_Type: 0
  m_PreserveAspect: 0
  m_FillCenter: 1
  m_FillMethod: 4
  m_FillAmount: 1
  m_FillClockwise: 1
  m_FillOrigin: 0
--- !u!222 &1126210483
CanvasRenderer:
  m_ObjectHideFlags: 0
  m_PrefabParentObject: {fileID: 22209028, guid: a0b7360ac5a70ff4193eca8f6da4fa57,
    type: 2}
  m_PrefabInternal: {fileID: 71377086}
  m_GameObject: {fileID: 1126210480}
--- !u!1 &1145201387
GameObject:
  m_ObjectHideFlags: 0
  m_PrefabParentObject: {fileID: 184620, guid: a0b7360ac5a70ff4193eca8f6da4fa57, type: 2}
  m_PrefabInternal: {fileID: 71377086}
  serializedVersion: 5
  m_Component:
  - component: {fileID: 1145201388}
  - component: {fileID: 1145201390}
  - component: {fileID: 1145201389}
  m_Layer: 5
  m_Name: AppTitle
  m_TagString: Untagged
  m_Icon: {fileID: 0}
  m_NavMeshLayer: 0
  m_StaticEditorFlags: 0
  m_IsActive: 1
--- !u!224 &1145201388
RectTransform:
  m_ObjectHideFlags: 0
  m_PrefabParentObject: {fileID: 22420082, guid: a0b7360ac5a70ff4193eca8f6da4fa57,
    type: 2}
  m_PrefabInternal: {fileID: 71377086}
  m_GameObject: {fileID: 1145201387}
  m_LocalRotation: {x: 0, y: 0, z: 0, w: 1}
  m_LocalPosition: {x: -576, y: 671, z: 0}
  m_LocalScale: {x: 1, y: 1, z: 1}
  m_Children:
  - {fileID: 1594142366}
  m_Father: {fileID: 932034124}
  m_RootOrder: 0
  m_LocalEulerAnglesHint: {x: 0, y: 0, z: 0}
  m_AnchorMin: {x: 0.5, y: 0.5}
  m_AnchorMax: {x: 0.5, y: 0.5}
  m_AnchoredPosition: {x: -576, y: 671}
  m_SizeDelta: {x: 768, y: 109}
  m_Pivot: {x: 0.5, y: 0.5}
--- !u!114 &1145201389
MonoBehaviour:
  m_ObjectHideFlags: 0
  m_PrefabParentObject: {fileID: 11490594, guid: a0b7360ac5a70ff4193eca8f6da4fa57,
    type: 2}
  m_PrefabInternal: {fileID: 71377086}
  m_GameObject: {fileID: 1145201387}
  m_Enabled: 1
  m_EditorHideFlags: 0
  m_Script: {fileID: 708705254, guid: f5f67c52d1564df4a8936ccd202a3bd8, type: 3}
  m_Name: 
  m_EditorClassIdentifier: 
  m_Material: {fileID: 0}
  m_Color: {r: 0.85490197, g: 0.85490197, b: 0.85490197, a: 1}
  m_RaycastTarget: 1
  m_OnCullStateChanged:
    m_PersistentCalls:
      m_Calls: []
    m_TypeName: UnityEngine.UI.MaskableGraphic+CullStateChangedEvent, UnityEngine.UI,
      Version=1.0.0.0, Culture=neutral, PublicKeyToken=null
  m_FontData:
    m_Font: {fileID: 12800000, guid: 218956a5c2a6e42d6a60afccf80b002b, type: 3}
    m_FontSize: 102
    m_FontStyle: 0
    m_BestFit: 0
    m_MinSize: 10
    m_MaxSize: 102
    m_Alignment: 0
    m_AlignByGeometry: 0
    m_RichText: 1
    m_HorizontalOverflow: 0
    m_VerticalOverflow: 1
    m_LineSpacing: 1
  m_Text: GAME
--- !u!222 &1145201390
CanvasRenderer:
  m_ObjectHideFlags: 0
  m_PrefabParentObject: {fileID: 22225170, guid: a0b7360ac5a70ff4193eca8f6da4fa57,
    type: 2}
  m_PrefabInternal: {fileID: 71377086}
  m_GameObject: {fileID: 1145201387}
--- !u!1 &1150635693
GameObject:
  m_ObjectHideFlags: 0
  m_PrefabParentObject: {fileID: 106754, guid: a0b7360ac5a70ff4193eca8f6da4fa57, type: 2}
  m_PrefabInternal: {fileID: 71377086}
  serializedVersion: 5
  m_Component:
  - component: {fileID: 1150635694}
  - component: {fileID: 1150635696}
  - component: {fileID: 1150635695}
  m_Layer: 5
  m_Name: Text
  m_TagString: Untagged
  m_Icon: {fileID: 0}
  m_NavMeshLayer: 0
  m_StaticEditorFlags: 0
  m_IsActive: 1
--- !u!224 &1150635694
RectTransform:
  m_ObjectHideFlags: 0
  m_PrefabParentObject: {fileID: 22478140, guid: a0b7360ac5a70ff4193eca8f6da4fa57,
    type: 2}
  m_PrefabInternal: {fileID: 71377086}
  m_GameObject: {fileID: 1150635693}
  m_LocalRotation: {x: 0, y: 0, z: 0, w: 1}
  m_LocalPosition: {x: 0, y: -101.66614, z: 0}
  m_LocalScale: {x: 1.3333334, y: 1.3333334, z: 1}
  m_Children: []
  m_Father: {fileID: 935256685}
  m_RootOrder: 1
  m_LocalEulerAnglesHint: {x: 0, y: 0, z: 0}
  m_AnchorMin: {x: 0.5, y: 0.5}
  m_AnchorMax: {x: 0.5, y: 0.5}
  m_AnchoredPosition: {x: 0, y: -101.66614}
  m_SizeDelta: {x: 382, y: 139}
  m_Pivot: {x: 0.5, y: 0.5}
--- !u!114 &1150635695
MonoBehaviour:
  m_ObjectHideFlags: 0
  m_PrefabParentObject: {fileID: 11448476, guid: a0b7360ac5a70ff4193eca8f6da4fa57,
    type: 2}
  m_PrefabInternal: {fileID: 71377086}
  m_GameObject: {fileID: 1150635693}
  m_Enabled: 1
  m_EditorHideFlags: 0
  m_Script: {fileID: 708705254, guid: f5f67c52d1564df4a8936ccd202a3bd8, type: 3}
  m_Name: 
  m_EditorClassIdentifier: 
  m_Material: {fileID: 0}
  m_Color: {r: 0.12156863, g: 0.81960785, b: 0.5686275, a: 1}
  m_RaycastTarget: 1
  m_OnCullStateChanged:
    m_PersistentCalls:
      m_Calls: []
    m_TypeName: UnityEngine.UI.MaskableGraphic+CullStateChangedEvent, UnityEngine.UI,
      Version=1.0.0.0, Culture=neutral, PublicKeyToken=null
  m_FontData:
    m_Font: {fileID: 12800000, guid: 7dfc2e1472ac84e1bb749a8a9f934483, type: 3}
    m_FontSize: 60
    m_FontStyle: 0
    m_BestFit: 0
    m_MinSize: 10
    m_MaxSize: 60
    m_Alignment: 4
    m_AlignByGeometry: 0
    m_RichText: 1
    m_HorizontalOverflow: 0
    m_VerticalOverflow: 0
    m_LineSpacing: 1
  m_Text: MOVE
--- !u!222 &1150635696
CanvasRenderer:
  m_ObjectHideFlags: 0
  m_PrefabParentObject: {fileID: 22229066, guid: a0b7360ac5a70ff4193eca8f6da4fa57,
    type: 2}
  m_PrefabInternal: {fileID: 71377086}
  m_GameObject: {fileID: 1150635693}
--- !u!1 &1164742097
GameObject:
  m_ObjectHideFlags: 0
  m_PrefabParentObject: {fileID: 135862, guid: a0b7360ac5a70ff4193eca8f6da4fa57, type: 2}
  m_PrefabInternal: {fileID: 71377086}
  serializedVersion: 5
  m_Component:
  - component: {fileID: 1164742098}
  - component: {fileID: 1164742100}
  - component: {fileID: 1164742099}
  m_Layer: 5
  m_Name: Image
  m_TagString: Untagged
  m_Icon: {fileID: 0}
  m_NavMeshLayer: 0
  m_StaticEditorFlags: 0
  m_IsActive: 1
--- !u!224 &1164742098
RectTransform:
  m_ObjectHideFlags: 0
  m_PrefabParentObject: {fileID: 22483564, guid: a0b7360ac5a70ff4193eca8f6da4fa57,
    type: 2}
  m_PrefabInternal: {fileID: 71377086}
  m_GameObject: {fileID: 1164742097}
  m_LocalRotation: {x: 0, y: 0, z: -0.3826835, w: 0.92387956}
  m_LocalPosition: {x: 0, y: 0, z: 0}
  m_LocalScale: {x: 1, y: 1, z: 1}
  m_Children: []
  m_Father: {fileID: 829709726}
  m_RootOrder: 1
  m_LocalEulerAnglesHint: {x: 0, y: 0, z: 0}
  m_AnchorMin: {x: 0.5, y: 0.5}
  m_AnchorMax: {x: 0.5, y: 0.5}
  m_AnchoredPosition: {x: 0, y: 0}
  m_SizeDelta: {x: 72, y: 10}
  m_Pivot: {x: 0.5, y: 0.5}
--- !u!114 &1164742099
MonoBehaviour:
  m_ObjectHideFlags: 0
  m_PrefabParentObject: {fileID: 11496286, guid: a0b7360ac5a70ff4193eca8f6da4fa57,
    type: 2}
  m_PrefabInternal: {fileID: 71377086}
  m_GameObject: {fileID: 1164742097}
  m_Enabled: 1
  m_EditorHideFlags: 0
  m_Script: {fileID: -765806418, guid: f5f67c52d1564df4a8936ccd202a3bd8, type: 3}
  m_Name: 
  m_EditorClassIdentifier: 
  m_Material: {fileID: 0}
  m_Color: {r: 0.94509804, g: 0.9254902, b: 0.8745098, a: 1}
  m_RaycastTarget: 1
  m_OnCullStateChanged:
    m_PersistentCalls:
      m_Calls: []
    m_TypeName: UnityEngine.UI.MaskableGraphic+CullStateChangedEvent, UnityEngine.UI,
      Version=1.0.0.0, Culture=neutral, PublicKeyToken=null
  m_Sprite: {fileID: 21300000, guid: 7ed1238760b863f4aafde32ab3a6f28c, type: 3}
  m_Type: 1
  m_PreserveAspect: 0
  m_FillCenter: 1
  m_FillMethod: 4
  m_FillAmount: 1
  m_FillClockwise: 1
  m_FillOrigin: 0
--- !u!222 &1164742100
CanvasRenderer:
  m_ObjectHideFlags: 0
  m_PrefabParentObject: {fileID: 22229502, guid: a0b7360ac5a70ff4193eca8f6da4fa57,
    type: 2}
  m_PrefabInternal: {fileID: 71377086}
  m_GameObject: {fileID: 1164742097}
--- !u!1 &1346006442
GameObject:
  m_ObjectHideFlags: 0
  m_PrefabParentObject: {fileID: 177808, guid: a0b7360ac5a70ff4193eca8f6da4fa57, type: 2}
  m_PrefabInternal: {fileID: 71377086}
  serializedVersion: 5
  m_Component:
  - component: {fileID: 1346006443}
  - component: {fileID: 1346006445}
  - component: {fileID: 1346006444}
  m_Layer: 5
  m_Name: Image
  m_TagString: Untagged
  m_Icon: {fileID: 0}
  m_NavMeshLayer: 0
  m_StaticEditorFlags: 0
  m_IsActive: 1
--- !u!224 &1346006443
RectTransform:
  m_ObjectHideFlags: 0
  m_PrefabParentObject: {fileID: 22494736, guid: a0b7360ac5a70ff4193eca8f6da4fa57,
    type: 2}
  m_PrefabInternal: {fileID: 71377086}
  m_GameObject: {fileID: 1346006442}
  m_LocalRotation: {x: 0, y: 0, z: -0.3826835, w: 0.92387956}
  m_LocalPosition: {x: 0, y: 0, z: 0}
  m_LocalScale: {x: 1, y: 1, z: 1}
  m_Children: []
  m_Father: {fileID: 2062930359}
  m_RootOrder: 1
  m_LocalEulerAnglesHint: {x: 0, y: 0, z: 0}
  m_AnchorMin: {x: 0.5, y: 0.5}
  m_AnchorMax: {x: 0.5, y: 0.5}
  m_AnchoredPosition: {x: 0, y: 0}
  m_SizeDelta: {x: 72, y: 10}
  m_Pivot: {x: 0.5, y: 0.5}
--- !u!114 &1346006444
MonoBehaviour:
  m_ObjectHideFlags: 0
  m_PrefabParentObject: {fileID: 11471504, guid: a0b7360ac5a70ff4193eca8f6da4fa57,
    type: 2}
  m_PrefabInternal: {fileID: 71377086}
  m_GameObject: {fileID: 1346006442}
  m_Enabled: 1
  m_EditorHideFlags: 0
  m_Script: {fileID: -765806418, guid: f5f67c52d1564df4a8936ccd202a3bd8, type: 3}
  m_Name: 
  m_EditorClassIdentifier: 
  m_Material: {fileID: 0}
  m_Color: {r: 0.94509804, g: 0.9254902, b: 0.8745098, a: 1}
  m_RaycastTarget: 1
  m_OnCullStateChanged:
    m_PersistentCalls:
      m_Calls: []
    m_TypeName: UnityEngine.UI.MaskableGraphic+CullStateChangedEvent, UnityEngine.UI,
      Version=1.0.0.0, Culture=neutral, PublicKeyToken=null
  m_Sprite: {fileID: 21300000, guid: 7ed1238760b863f4aafde32ab3a6f28c, type: 3}
  m_Type: 1
  m_PreserveAspect: 0
  m_FillCenter: 1
  m_FillMethod: 4
  m_FillAmount: 1
  m_FillClockwise: 1
  m_FillOrigin: 0
--- !u!222 &1346006445
CanvasRenderer:
  m_ObjectHideFlags: 0
  m_PrefabParentObject: {fileID: 22280634, guid: a0b7360ac5a70ff4193eca8f6da4fa57,
    type: 2}
  m_PrefabInternal: {fileID: 71377086}
  m_GameObject: {fileID: 1346006442}
--- !u!1 &1389093363
GameObject:
  m_ObjectHideFlags: 0
  m_PrefabParentObject: {fileID: 140108, guid: a0b7360ac5a70ff4193eca8f6da4fa57, type: 2}
  m_PrefabInternal: {fileID: 71377086}
  serializedVersion: 5
  m_Component:
  - component: {fileID: 1389093364}
  - component: {fileID: 1389093366}
  - component: {fileID: 1389093365}
  m_Layer: 5
  m_Name: Panel
  m_TagString: Untagged
  m_Icon: {fileID: 0}
  m_NavMeshLayer: 0
  m_StaticEditorFlags: 0
  m_IsActive: 1
--- !u!224 &1389093364
RectTransform:
  m_ObjectHideFlags: 0
  m_PrefabParentObject: {fileID: 22492768, guid: a0b7360ac5a70ff4193eca8f6da4fa57,
    type: 2}
  m_PrefabInternal: {fileID: 71377086}
  m_GameObject: {fileID: 1389093363}
  m_LocalRotation: {x: 0, y: 0, z: 0, w: 1}
  m_LocalPosition: {x: 0, y: 9, z: 0}
  m_LocalScale: {x: 1, y: 1, z: 1}
  m_Children:
  - {fileID: 1972346498}
  - {fileID: 1039729049}
  m_Father: {fileID: 28712897}
  m_RootOrder: 0
  m_LocalEulerAnglesHint: {x: 0, y: 0, z: 0}
  m_AnchorMin: {x: 0.5, y: 0.5}
  m_AnchorMax: {x: 0.5, y: 0.5}
  m_AnchoredPosition: {x: 0, y: 9}
  m_SizeDelta: {x: 206, y: 206}
  m_Pivot: {x: 0.5, y: 0.5}
--- !u!114 &1389093365
MonoBehaviour:
  m_ObjectHideFlags: 0
  m_PrefabParentObject: {fileID: 11479846, guid: a0b7360ac5a70ff4193eca8f6da4fa57,
    type: 2}
  m_PrefabInternal: {fileID: 71377086}
  m_GameObject: {fileID: 1389093363}
  m_Enabled: 1
  m_EditorHideFlags: 0
  m_Script: {fileID: -765806418, guid: f5f67c52d1564df4a8936ccd202a3bd8, type: 3}
  m_Name: 
  m_EditorClassIdentifier: 
  m_Material: {fileID: 0}
  m_Color: {r: 0.12156863, g: 0.827451, b: 0.5764706, a: 1}
  m_RaycastTarget: 1
  m_OnCullStateChanged:
    m_PersistentCalls:
      m_Calls: []
    m_TypeName: UnityEngine.UI.MaskableGraphic+CullStateChangedEvent, UnityEngine.UI,
      Version=1.0.0.0, Culture=neutral, PublicKeyToken=null
  m_Sprite: {fileID: 21300000, guid: 291502478103f274da140dc9d17c64dc, type: 3}
  m_Type: 0
  m_PreserveAspect: 0
  m_FillCenter: 1
  m_FillMethod: 4
  m_FillAmount: 1
  m_FillClockwise: 1
  m_FillOrigin: 0
--- !u!222 &1389093366
CanvasRenderer:
  m_ObjectHideFlags: 0
  m_PrefabParentObject: {fileID: 22249680, guid: a0b7360ac5a70ff4193eca8f6da4fa57,
    type: 2}
  m_PrefabInternal: {fileID: 71377086}
  m_GameObject: {fileID: 1389093363}
--- !u!1 &1500371475
GameObject:
  m_ObjectHideFlags: 0
  m_PrefabParentObject: {fileID: 0}
  m_PrefabInternal: {fileID: 0}
  serializedVersion: 5
  m_Component:
  - component: {fileID: 1500371479}
  - component: {fileID: 1500371478}
  - component: {fileID: 1500371477}
  - component: {fileID: 1500371476}
  m_Layer: 0
  m_Name: EventSystem
  m_TagString: Untagged
  m_Icon: {fileID: 0}
  m_NavMeshLayer: 0
  m_StaticEditorFlags: 0
  m_IsActive: 1
--- !u!114 &1500371476
MonoBehaviour:
  m_ObjectHideFlags: 0
  m_PrefabParentObject: {fileID: 0}
  m_PrefabInternal: {fileID: 0}
  m_GameObject: {fileID: 1500371475}
  m_Enabled: 1
  m_EditorHideFlags: 0
  m_Script: {fileID: 1997211142, guid: f5f67c52d1564df4a8936ccd202a3bd8, type: 3}
  m_Name: 
  m_EditorClassIdentifier: 
  m_ForceModuleActive: 0
--- !u!114 &1500371477
MonoBehaviour:
  m_ObjectHideFlags: 0
  m_PrefabParentObject: {fileID: 0}
  m_PrefabInternal: {fileID: 0}
  m_GameObject: {fileID: 1500371475}
  m_Enabled: 1
  m_EditorHideFlags: 0
  m_Script: {fileID: 1077351063, guid: f5f67c52d1564df4a8936ccd202a3bd8, type: 3}
  m_Name: 
  m_EditorClassIdentifier: 
  m_HorizontalAxis: Horizontal
  m_VerticalAxis: Vertical
  m_SubmitButton: Submit
  m_CancelButton: Cancel
  m_InputActionsPerSecond: 10
  m_RepeatDelay: 0.5
  m_ForceModuleActive: 0
--- !u!114 &1500371478
MonoBehaviour:
  m_ObjectHideFlags: 0
  m_PrefabParentObject: {fileID: 0}
  m_PrefabInternal: {fileID: 0}
  m_GameObject: {fileID: 1500371475}
  m_Enabled: 1
  m_EditorHideFlags: 0
  m_Script: {fileID: -619905303, guid: f5f67c52d1564df4a8936ccd202a3bd8, type: 3}
  m_Name: 
  m_EditorClassIdentifier: 
  m_FirstSelected: {fileID: 0}
  m_sendNavigationEvents: 1
  m_DragThreshold: 5
--- !u!4 &1500371479
Transform:
  m_ObjectHideFlags: 0
  m_PrefabParentObject: {fileID: 0}
  m_PrefabInternal: {fileID: 0}
  m_GameObject: {fileID: 1500371475}
  m_LocalRotation: {x: 0, y: 0, z: 0, w: 1}
  m_LocalPosition: {x: 0, y: 0, z: 0}
  m_LocalScale: {x: 1, y: 1, z: 1}
  m_Children: []
  m_Father: {fileID: 0}
  m_RootOrder: 1
  m_LocalEulerAnglesHint: {x: 0, y: 0, z: 0}
--- !u!1 &1511305452
GameObject:
  m_ObjectHideFlags: 0
  m_PrefabParentObject: {fileID: 0}
  m_PrefabInternal: {fileID: 0}
  serializedVersion: 5
  m_Component:
  - component: {fileID: 1511305453}
  m_Layer: 0
  m_Name: __SET_YOUR_GAMESCREEN_TO_1920x1080
  m_TagString: Untagged
  m_Icon: {fileID: 0}
  m_NavMeshLayer: 0
  m_StaticEditorFlags: 0
  m_IsActive: 1
--- !u!4 &1511305453
Transform:
  m_ObjectHideFlags: 0
  m_PrefabParentObject: {fileID: 0}
  m_PrefabInternal: {fileID: 0}
  m_GameObject: {fileID: 1511305452}
  m_LocalRotation: {x: 0, y: 0, z: 0, w: 1}
  m_LocalPosition: {x: 494.995, y: 627.74, z: 0}
  m_LocalScale: {x: 1, y: 1, z: 1}
  m_Children: []
  m_Father: {fileID: 0}
  m_RootOrder: 2
  m_LocalEulerAnglesHint: {x: 0, y: 0, z: 0}
--- !u!1 &1573718412
GameObject:
  m_ObjectHideFlags: 0
  m_PrefabParentObject: {fileID: 100374, guid: a0b7360ac5a70ff4193eca8f6da4fa57, type: 2}
  m_PrefabInternal: {fileID: 71377086}
  serializedVersion: 5
  m_Component:
  - component: {fileID: 1573718413}
  - component: {fileID: 1573718415}
  - component: {fileID: 1573718414}
  m_Layer: 5
  m_Name: Panel
  m_TagString: Untagged
  m_Icon: {fileID: 0}
  m_NavMeshLayer: 0
  m_StaticEditorFlags: 0
  m_IsActive: 1
--- !u!224 &1573718413
RectTransform:
  m_ObjectHideFlags: 0
  m_PrefabParentObject: {fileID: 22401578, guid: a0b7360ac5a70ff4193eca8f6da4fa57,
    type: 2}
  m_PrefabInternal: {fileID: 71377086}
  m_GameObject: {fileID: 1573718412}
  m_LocalRotation: {x: 0, y: 0, z: 0, w: 1}
  m_LocalPosition: {x: 0, y: 9, z: 0}
  m_LocalScale: {x: 1, y: 1, z: 1}
  m_Children:
  - {fileID: 1126210481}
  m_Father: {fileID: 165747683}
  m_RootOrder: 0
  m_LocalEulerAnglesHint: {x: 0, y: 0, z: 0}
  m_AnchorMin: {x: 0.5, y: 0.5}
  m_AnchorMax: {x: 0.5, y: 0.5}
  m_AnchoredPosition: {x: 0, y: 9}
  m_SizeDelta: {x: 206, y: 206}
  m_Pivot: {x: 0.5, y: 0.5}
--- !u!114 &1573718414
MonoBehaviour:
  m_ObjectHideFlags: 0
  m_PrefabParentObject: {fileID: 11485136, guid: a0b7360ac5a70ff4193eca8f6da4fa57,
    type: 2}
  m_PrefabInternal: {fileID: 71377086}
  m_GameObject: {fileID: 1573718412}
  m_Enabled: 1
  m_EditorHideFlags: 0
  m_Script: {fileID: -765806418, guid: f5f67c52d1564df4a8936ccd202a3bd8, type: 3}
  m_Name: 
  m_EditorClassIdentifier: 
  m_Material: {fileID: 0}
  m_Color: {r: 0.95686275, g: 0.29019612, b: 0.41217044, a: 1}
  m_RaycastTarget: 1
  m_OnCullStateChanged:
    m_PersistentCalls:
      m_Calls: []
    m_TypeName: UnityEngine.UI.MaskableGraphic+CullStateChangedEvent, UnityEngine.UI,
      Version=1.0.0.0, Culture=neutral, PublicKeyToken=null
  m_Sprite: {fileID: 21300000, guid: 291502478103f274da140dc9d17c64dc, type: 3}
  m_Type: 0
  m_PreserveAspect: 0
  m_FillCenter: 1
  m_FillMethod: 4
  m_FillAmount: 1
  m_FillClockwise: 1
  m_FillOrigin: 0
--- !u!222 &1573718415
CanvasRenderer:
  m_ObjectHideFlags: 0
  m_PrefabParentObject: {fileID: 22242782, guid: a0b7360ac5a70ff4193eca8f6da4fa57,
    type: 2}
  m_PrefabInternal: {fileID: 71377086}
  m_GameObject: {fileID: 1573718412}
--- !u!1 &1594142365
GameObject:
  m_ObjectHideFlags: 0
  m_PrefabParentObject: {fileID: 128704, guid: a0b7360ac5a70ff4193eca8f6da4fa57, type: 2}
  m_PrefabInternal: {fileID: 71377086}
  serializedVersion: 5
  m_Component:
  - component: {fileID: 1594142366}
  - component: {fileID: 1594142368}
  - component: {fileID: 1594142367}
  m_Layer: 5
  m_Name: AppTitle
  m_TagString: Untagged
  m_Icon: {fileID: 0}
  m_NavMeshLayer: 0
  m_StaticEditorFlags: 0
  m_IsActive: 1
--- !u!224 &1594142366
RectTransform:
  m_ObjectHideFlags: 0
  m_PrefabParentObject: {fileID: 22440162, guid: a0b7360ac5a70ff4193eca8f6da4fa57,
    type: 2}
  m_PrefabInternal: {fileID: 71377086}
  m_GameObject: {fileID: 1594142365}
  m_LocalRotation: {x: 0, y: 0, z: 0, w: 1}
  m_LocalPosition: {x: -36.5, y: -88, z: 0}
  m_LocalScale: {x: 1, y: 1, z: 1}
  m_Children: []
  m_Father: {fileID: 1145201388}
  m_RootOrder: 0
  m_LocalEulerAnglesHint: {x: 0, y: 0, z: 0}
  m_AnchorMin: {x: 0.5, y: 0.5}
  m_AnchorMax: {x: 0.5, y: 0.5}
  m_AnchoredPosition: {x: -36.5, y: -88}
  m_SizeDelta: {x: 695, y: 67}
  m_Pivot: {x: 0.5, y: 0.5}
--- !u!114 &1594142367
MonoBehaviour:
  m_ObjectHideFlags: 0
  m_PrefabParentObject: {fileID: 11436410, guid: a0b7360ac5a70ff4193eca8f6da4fa57,
    type: 2}
  m_PrefabInternal: {fileID: 71377086}
  m_GameObject: {fileID: 1594142365}
  m_Enabled: 1
  m_EditorHideFlags: 0
  m_Script: {fileID: 708705254, guid: f5f67c52d1564df4a8936ccd202a3bd8, type: 3}
  m_Name: 
  m_EditorClassIdentifier: 
  m_Material: {fileID: 0}
  m_Color: {r: 0.85490197, g: 0.85490197, b: 0.85490197, a: 1}
  m_RaycastTarget: 1
  m_OnCullStateChanged:
    m_PersistentCalls:
      m_Calls: []
    m_TypeName: UnityEngine.UI.MaskableGraphic+CullStateChangedEvent, UnityEngine.UI,
      Version=1.0.0.0, Culture=neutral, PublicKeyToken=null
  m_FontData:
    m_Font: {fileID: 12800000, guid: 218956a5c2a6e42d6a60afccf80b002b, type: 3}
    m_FontSize: 40
    m_FontStyle: 0
    m_BestFit: 0
    m_MinSize: 10
    m_MaxSize: 40
    m_Alignment: 0
    m_AlignByGeometry: 0
    m_RichText: 1
    m_HorizontalOverflow: 0
    m_VerticalOverflow: 1
    m_LineSpacing: 1
  m_Text: APP SAMPLE DESKTOP
--- !u!222 &1594142368
CanvasRenderer:
  m_ObjectHideFlags: 0
  m_PrefabParentObject: {fileID: 22216898, guid: a0b7360ac5a70ff4193eca8f6da4fa57,
    type: 2}
  m_PrefabInternal: {fileID: 71377086}
  m_GameObject: {fileID: 1594142365}
--- !u!1 &1605294394
GameObject:
  m_ObjectHideFlags: 0
  m_PrefabParentObject: {fileID: 101028, guid: a0b7360ac5a70ff4193eca8f6da4fa57, type: 2}
  m_PrefabInternal: {fileID: 71377086}
  serializedVersion: 5
  m_Component:
  - component: {fileID: 1605294395}
  - component: {fileID: 1605294397}
  - component: {fileID: 1605294396}
  m_Layer: 5
  m_Name: Text
  m_TagString: Untagged
  m_Icon: {fileID: 0}
  m_NavMeshLayer: 0
  m_StaticEditorFlags: 0
  m_IsActive: 1
--- !u!224 &1605294395
RectTransform:
  m_ObjectHideFlags: 0
  m_PrefabParentObject: {fileID: 22460288, guid: a0b7360ac5a70ff4193eca8f6da4fa57,
    type: 2}
  m_PrefabInternal: {fileID: 71377086}
  m_GameObject: {fileID: 1605294394}
  m_LocalRotation: {x: 0, y: 0, z: 0, w: 1}
  m_LocalPosition: {x: 13, y: -2388, z: 0}
  m_LocalScale: {x: 1.3333334, y: 1.3333334, z: 1}
  m_Children: []
  m_Father: {fileID: 935256685}
  m_RootOrder: 3
  m_LocalEulerAnglesHint: {x: 0, y: 0, z: 0}
  m_AnchorMin: {x: 0.5, y: 0.5}
  m_AnchorMax: {x: 0.5, y: 0.5}
  m_AnchoredPosition: {x: 13, y: -2388}
  m_SizeDelta: {x: 324, y: 93}
  m_Pivot: {x: 0.5, y: 0.5}
--- !u!114 &1605294396
MonoBehaviour:
  m_ObjectHideFlags: 0
  m_PrefabParentObject: {fileID: 11481466, guid: a0b7360ac5a70ff4193eca8f6da4fa57,
    type: 2}
  m_PrefabInternal: {fileID: 71377086}
  m_GameObject: {fileID: 1605294394}
  m_Enabled: 1
  m_EditorHideFlags: 0
  m_Script: {fileID: 708705254, guid: f5f67c52d1564df4a8936ccd202a3bd8, type: 3}
  m_Name: 
  m_EditorClassIdentifier: 
  m_Material: {fileID: 0}
  m_Color: {r: 0.94509804, g: 0.9254902, b: 0.8745098, a: 1}
  m_RaycastTarget: 1
  m_OnCullStateChanged:
    m_PersistentCalls:
      m_Calls: []
    m_TypeName: UnityEngine.UI.MaskableGraphic+CullStateChangedEvent, UnityEngine.UI,
      Version=1.0.0.0, Culture=neutral, PublicKeyToken=null
  m_FontData:
    m_Font: {fileID: 12800000, guid: bd1ea67ca2b5742d1a24fcbdc17c55e1, type: 3}
    m_FontSize: 40
    m_FontStyle: 0
    m_BestFit: 0
    m_MinSize: 10
    m_MaxSize: 40
    m_Alignment: 4
    m_AlignByGeometry: 0
    m_RichText: 1
    m_HorizontalOverflow: 0
    m_VerticalOverflow: 0
    m_LineSpacing: 1
  m_Text: TIME LEFT
--- !u!222 &1605294397
CanvasRenderer:
  m_ObjectHideFlags: 0
  m_PrefabParentObject: {fileID: 22297116, guid: a0b7360ac5a70ff4193eca8f6da4fa57,
    type: 2}
  m_PrefabInternal: {fileID: 71377086}
  m_GameObject: {fileID: 1605294394}
--- !u!1 &1778315681
GameObject:
  m_ObjectHideFlags: 0
  m_PrefabParentObject: {fileID: 138292, guid: a0b7360ac5a70ff4193eca8f6da4fa57, type: 2}
  m_PrefabInternal: {fileID: 71377086}
  serializedVersion: 5
  m_Component:
  - component: {fileID: 1778315682}
  - component: {fileID: 1778315684}
  - component: {fileID: 1778315683}
  m_Layer: 5
  m_Name: Image
  m_TagString: Untagged
  m_Icon: {fileID: 0}
  m_NavMeshLayer: 0
  m_StaticEditorFlags: 0
  m_IsActive: 1
--- !u!224 &1778315682
RectTransform:
  m_ObjectHideFlags: 0
  m_PrefabParentObject: {fileID: 22428734, guid: a0b7360ac5a70ff4193eca8f6da4fa57,
    type: 2}
  m_PrefabInternal: {fileID: 71377086}
  m_GameObject: {fileID: 1778315681}
  m_LocalRotation: {x: 0, y: 0, z: 0.3826835, w: 0.92387956}
  m_LocalPosition: {x: 0, y: 0, z: 0}
  m_LocalScale: {x: 1, y: 1, z: 1}
  m_Children: []
  m_Father: {fileID: 2062930359}
  m_RootOrder: 0
  m_LocalEulerAnglesHint: {x: 0, y: 0, z: 0}
  m_AnchorMin: {x: 0.5, y: 0.5}
  m_AnchorMax: {x: 0.5, y: 0.5}
  m_AnchoredPosition: {x: 0, y: 0}
  m_SizeDelta: {x: 72, y: 10}
  m_Pivot: {x: 0.5, y: 0.5}
--- !u!114 &1778315683
MonoBehaviour:
  m_ObjectHideFlags: 0
  m_PrefabParentObject: {fileID: 11441454, guid: a0b7360ac5a70ff4193eca8f6da4fa57,
    type: 2}
  m_PrefabInternal: {fileID: 71377086}
  m_GameObject: {fileID: 1778315681}
  m_Enabled: 1
  m_EditorHideFlags: 0
  m_Script: {fileID: -765806418, guid: f5f67c52d1564df4a8936ccd202a3bd8, type: 3}
  m_Name: 
  m_EditorClassIdentifier: 
  m_Material: {fileID: 0}
  m_Color: {r: 0.94509804, g: 0.9254902, b: 0.8745098, a: 1}
  m_RaycastTarget: 1
  m_OnCullStateChanged:
    m_PersistentCalls:
      m_Calls: []
    m_TypeName: UnityEngine.UI.MaskableGraphic+CullStateChangedEvent, UnityEngine.UI,
      Version=1.0.0.0, Culture=neutral, PublicKeyToken=null
  m_Sprite: {fileID: 21300000, guid: 7ed1238760b863f4aafde32ab3a6f28c, type: 3}
  m_Type: 1
  m_PreserveAspect: 0
  m_FillCenter: 1
  m_FillMethod: 4
  m_FillAmount: 1
  m_FillClockwise: 1
  m_FillOrigin: 0
--- !u!222 &1778315684
CanvasRenderer:
  m_ObjectHideFlags: 0
  m_PrefabParentObject: {fileID: 22268396, guid: a0b7360ac5a70ff4193eca8f6da4fa57,
    type: 2}
  m_PrefabInternal: {fileID: 71377086}
  m_GameObject: {fileID: 1778315681}
--- !u!1 &1857783382
GameObject:
  m_ObjectHideFlags: 0
  m_PrefabParentObject: {fileID: 173096, guid: a0b7360ac5a70ff4193eca8f6da4fa57, type: 2}
  m_PrefabInternal: {fileID: 71377086}
  serializedVersion: 5
  m_Component:
  - component: {fileID: 1857783383}
  - component: {fileID: 1857783385}
  - component: {fileID: 1857783384}
  m_Layer: 5
  m_Name: Image
  m_TagString: Untagged
  m_Icon: {fileID: 0}
  m_NavMeshLayer: 0
  m_StaticEditorFlags: 0
  m_IsActive: 1
--- !u!224 &1857783383
RectTransform:
  m_ObjectHideFlags: 0
  m_PrefabParentObject: {fileID: 22445004, guid: a0b7360ac5a70ff4193eca8f6da4fa57,
    type: 2}
  m_PrefabInternal: {fileID: 71377086}
  m_GameObject: {fileID: 1857783382}
  m_LocalRotation: {x: 0, y: 0, z: 0, w: 1}
  m_LocalPosition: {x: 0, y: 0, z: 0}
  m_LocalScale: {x: 1, y: 1, z: 1}
  m_Children: []
  m_Father: {fileID: 696347947}
  m_RootOrder: 0
  m_LocalEulerAnglesHint: {x: 0, y: 0, z: 0}
  m_AnchorMin: {x: 0.5, y: 0.5}
  m_AnchorMax: {x: 0.5, y: 0.5}
  m_AnchoredPosition: {x: -0.00000077486, y: 0}
  m_SizeDelta: {x: 70, y: 70}
  m_Pivot: {x: 0.5, y: 0.5}
--- !u!114 &1857783384
MonoBehaviour:
  m_ObjectHideFlags: 0
  m_PrefabParentObject: {fileID: 11401988, guid: a0b7360ac5a70ff4193eca8f6da4fa57,
    type: 2}
  m_PrefabInternal: {fileID: 71377086}
  m_GameObject: {fileID: 1857783382}
  m_Enabled: 1
  m_EditorHideFlags: 0
  m_Script: {fileID: -765806418, guid: f5f67c52d1564df4a8936ccd202a3bd8, type: 3}
  m_Name: 
  m_EditorClassIdentifier: 
  m_Material: {fileID: 0}
  m_Color: {r: 0.94509804, g: 0.9254902, b: 0.8745098, a: 1}
  m_RaycastTarget: 1
  m_OnCullStateChanged:
    m_PersistentCalls:
      m_Calls: []
    m_TypeName: UnityEngine.UI.MaskableGraphic+CullStateChangedEvent, UnityEngine.UI,
      Version=1.0.0.0, Culture=neutral, PublicKeyToken=null
  m_Sprite: {fileID: 21300000, guid: 377a4d562faa09d48bca2591c4304545, type: 3}
  m_Type: 0
  m_PreserveAspect: 0
  m_FillCenter: 1
  m_FillMethod: 4
  m_FillAmount: 1
  m_FillClockwise: 1
  m_FillOrigin: 0
--- !u!222 &1857783385
CanvasRenderer:
  m_ObjectHideFlags: 0
  m_PrefabParentObject: {fileID: 22213484, guid: a0b7360ac5a70ff4193eca8f6da4fa57,
    type: 2}
  m_PrefabInternal: {fileID: 71377086}
  m_GameObject: {fileID: 1857783382}
--- !u!1 &1879927324
GameObject:
  m_ObjectHideFlags: 0
  m_PrefabParentObject: {fileID: 163480, guid: a0b7360ac5a70ff4193eca8f6da4fa57, type: 2}
  m_PrefabInternal: {fileID: 71377086}
  serializedVersion: 5
  m_Component:
  - component: {fileID: 1879927325}
  - component: {fileID: 1879927327}
  - component: {fileID: 1879927326}
  m_Layer: 5
  m_Name: Lines
  m_TagString: Untagged
  m_Icon: {fileID: 0}
  m_NavMeshLayer: 0
  m_StaticEditorFlags: 0
  m_IsActive: 1
--- !u!224 &1879927325
RectTransform:
  m_ObjectHideFlags: 0
  m_PrefabParentObject: {fileID: 22422726, guid: a0b7360ac5a70ff4193eca8f6da4fa57,
    type: 2}
  m_PrefabInternal: {fileID: 71377086}
  m_GameObject: {fileID: 1879927324}
  m_LocalRotation: {x: 0, y: 0, z: 0, w: 1}
  m_LocalPosition: {x: 8, y: -161, z: 0}
  m_LocalScale: {x: 1.3, y: 1.3, z: 1}
  m_Children: []
  m_Father: {fileID: 81433345}
  m_RootOrder: 1
  m_LocalEulerAnglesHint: {x: 0, y: 0, z: 0}
  m_AnchorMin: {x: 0.5, y: 0.5}
  m_AnchorMax: {x: 0.5, y: 0.5}
  m_AnchoredPosition: {x: 8, y: -161}
  m_SizeDelta: {x: 721, y: 10}
  m_Pivot: {x: 0.5, y: 0.5}
--- !u!114 &1879927326
MonoBehaviour:
  m_ObjectHideFlags: 0
  m_PrefabParentObject: {fileID: 11433836, guid: a0b7360ac5a70ff4193eca8f6da4fa57,
    type: 2}
  m_PrefabInternal: {fileID: 71377086}
  m_GameObject: {fileID: 1879927324}
  m_Enabled: 1
  m_EditorHideFlags: 0
  m_Script: {fileID: -765806418, guid: f5f67c52d1564df4a8936ccd202a3bd8, type: 3}
  m_Name: 
  m_EditorClassIdentifier: 
  m_Material: {fileID: 0}
  m_Color: {r: 0.9490196, g: 0.92941177, b: 0.8784314, a: 1}
  m_RaycastTarget: 1
  m_OnCullStateChanged:
    m_PersistentCalls:
      m_Calls: []
    m_TypeName: UnityEngine.UI.MaskableGraphic+CullStateChangedEvent, UnityEngine.UI,
      Version=1.0.0.0, Culture=neutral, PublicKeyToken=null
  m_Sprite: {fileID: 21300000, guid: 7ed1238760b863f4aafde32ab3a6f28c, type: 3}
  m_Type: 1
  m_PreserveAspect: 0
  m_FillCenter: 1
  m_FillMethod: 4
  m_FillAmount: 1
  m_FillClockwise: 1
  m_FillOrigin: 0
--- !u!222 &1879927327
CanvasRenderer:
  m_ObjectHideFlags: 0
  m_PrefabParentObject: {fileID: 22236670, guid: a0b7360ac5a70ff4193eca8f6da4fa57,
    type: 2}
  m_PrefabInternal: {fileID: 71377086}
  m_GameObject: {fileID: 1879927324}
--- !u!1 &1897493597
GameObject:
  m_ObjectHideFlags: 0
  m_PrefabParentObject: {fileID: 100532, guid: a0b7360ac5a70ff4193eca8f6da4fa57, type: 2}
  m_PrefabInternal: {fileID: 71377086}
  serializedVersion: 5
  m_Component:
  - component: {fileID: 1897493598}
  - component: {fileID: 1897493601}
  - component: {fileID: 1897493600}
  - component: {fileID: 1897493599}
  m_Layer: 5
  m_Name: Button
  m_TagString: Untagged
  m_Icon: {fileID: 0}
  m_NavMeshLayer: 0
  m_StaticEditorFlags: 0
  m_IsActive: 1
--- !u!224 &1897493598
RectTransform:
  m_ObjectHideFlags: 0
  m_PrefabParentObject: {fileID: 22450002, guid: a0b7360ac5a70ff4193eca8f6da4fa57,
    type: 2}
  m_PrefabInternal: {fileID: 71377086}
  m_GameObject: {fileID: 1897493597}
  m_LocalRotation: {x: 0, y: 0, z: 0, w: 1}
  m_LocalPosition: {x: -318, y: -334, z: 0}
  m_LocalScale: {x: 1, y: 1, z: 1}
  m_Children:
  - {fileID: 829709726}
  m_Father: {fileID: 81433345}
  m_RootOrder: 9
  m_LocalEulerAnglesHint: {x: 0, y: 0, z: 0}
  m_AnchorMin: {x: 0.5, y: 0.5}
  m_AnchorMax: {x: 0.5, y: 0.5}
  m_AnchoredPosition: {x: -318, y: -334}
  m_SizeDelta: {x: 206, y: 206}
  m_Pivot: {x: 0.5, y: 0.5}
--- !u!114 &1897493599
MonoBehaviour:
  m_ObjectHideFlags: 0
  m_PrefabParentObject: {fileID: 11480292, guid: a0b7360ac5a70ff4193eca8f6da4fa57,
    type: 2}
  m_PrefabInternal: {fileID: 71377086}
  m_GameObject: {fileID: 1897493597}
  m_Enabled: 1
  m_EditorHideFlags: 0
  m_Script: {fileID: 1392445389, guid: f5f67c52d1564df4a8936ccd202a3bd8, type: 3}
  m_Name: 
  m_EditorClassIdentifier: 
  m_Navigation:
    m_Mode: 3
    m_SelectOnUp: {fileID: 0}
    m_SelectOnDown: {fileID: 0}
    m_SelectOnLeft: {fileID: 0}
    m_SelectOnRight: {fileID: 0}
  m_Transition: 1
  m_Colors:
    m_NormalColor: {r: 1, g: 1, b: 1, a: 1}
    m_HighlightedColor: {r: 0.9607843, g: 0.9607843, b: 0.9607843, a: 1}
    m_PressedColor: {r: 0.78431374, g: 0.78431374, b: 0.78431374, a: 1}
    m_DisabledColor: {r: 0.78431374, g: 0.78431374, b: 0.78431374, a: 0.5019608}
    m_ColorMultiplier: 1
    m_FadeDuration: 0.1
  m_SpriteState:
    m_HighlightedSprite: {fileID: 0}
    m_PressedSprite: {fileID: 0}
    m_DisabledSprite: {fileID: 0}
  m_AnimationTriggers:
    m_NormalTrigger: Normal
    m_HighlightedTrigger: Highlighted
    m_PressedTrigger: Pressed
    m_DisabledTrigger: Disabled
  m_Interactable: 1
  m_TargetGraphic: {fileID: 1897493600}
  m_OnClick:
    m_PersistentCalls:
      m_Calls: []
    m_TypeName: UnityEngine.UI.Button+ButtonClickedEvent, UnityEngine.UI, Version=1.0.0.0,
      Culture=neutral, PublicKeyToken=null
--- !u!114 &1897493600
MonoBehaviour:
  m_ObjectHideFlags: 0
  m_PrefabParentObject: {fileID: 11432252, guid: a0b7360ac5a70ff4193eca8f6da4fa57,
    type: 2}
  m_PrefabInternal: {fileID: 71377086}
  m_GameObject: {fileID: 1897493597}
  m_Enabled: 1
  m_EditorHideFlags: 0
  m_Script: {fileID: -765806418, guid: f5f67c52d1564df4a8936ccd202a3bd8, type: 3}
  m_Name: 
  m_EditorClassIdentifier: 
  m_Material: {fileID: 0}
  m_Color: {r: 0.09843906, g: 0.6784314, b: 0.47002196, a: 1}
  m_RaycastTarget: 1
  m_OnCullStateChanged:
    m_PersistentCalls:
      m_Calls: []
    m_TypeName: UnityEngine.UI.MaskableGraphic+CullStateChangedEvent, UnityEngine.UI,
      Version=1.0.0.0, Culture=neutral, PublicKeyToken=null
  m_Sprite: {fileID: 21300000, guid: 291502478103f274da140dc9d17c64dc, type: 3}
  m_Type: 0
  m_PreserveAspect: 0
  m_FillCenter: 1
  m_FillMethod: 4
  m_FillAmount: 1
  m_FillClockwise: 1
  m_FillOrigin: 0
--- !u!222 &1897493601
CanvasRenderer:
  m_ObjectHideFlags: 0
  m_PrefabParentObject: {fileID: 22224514, guid: a0b7360ac5a70ff4193eca8f6da4fa57,
    type: 2}
  m_PrefabInternal: {fileID: 71377086}
  m_GameObject: {fileID: 1897493597}
--- !u!1 &1949711279
GameObject:
  m_ObjectHideFlags: 0
  m_PrefabParentObject: {fileID: 179658, guid: a0b7360ac5a70ff4193eca8f6da4fa57, type: 2}
  m_PrefabInternal: {fileID: 71377086}
  serializedVersion: 5
  m_Component:
  - component: {fileID: 1949711280}
  - component: {fileID: 1949711282}
  - component: {fileID: 1949711281}
  m_Layer: 5
  m_Name: Lines
  m_TagString: Untagged
  m_Icon: {fileID: 0}
  m_NavMeshLayer: 0
  m_StaticEditorFlags: 0
  m_IsActive: 1
--- !u!224 &1949711280
RectTransform:
  m_ObjectHideFlags: 0
  m_PrefabParentObject: {fileID: 22486608, guid: a0b7360ac5a70ff4193eca8f6da4fa57,
    type: 2}
  m_PrefabInternal: {fileID: 71377086}
  m_GameObject: {fileID: 1949711279}
  m_LocalRotation: {x: 0, y: 0, z: 0, w: 1}
  m_LocalPosition: {x: -157, y: 4, z: 0}
  m_LocalScale: {x: 1.3, y: 1.3, z: 1}
  m_Children: []
  m_Father: {fileID: 81433345}
  m_RootOrder: 3
  m_LocalEulerAnglesHint: {x: 0, y: 0, z: 0}
  m_AnchorMin: {x: 0.5, y: 0.5}
  m_AnchorMax: {x: 0.5, y: 0.5}
  m_AnchoredPosition: {x: -157, y: 4}
  m_SizeDelta: {x: 10, y: 721}
  m_Pivot: {x: 0.5, y: 0.5}
--- !u!114 &1949711281
MonoBehaviour:
  m_ObjectHideFlags: 0
  m_PrefabParentObject: {fileID: 11429452, guid: a0b7360ac5a70ff4193eca8f6da4fa57,
    type: 2}
  m_PrefabInternal: {fileID: 71377086}
  m_GameObject: {fileID: 1949711279}
  m_Enabled: 1
  m_EditorHideFlags: 0
  m_Script: {fileID: -765806418, guid: f5f67c52d1564df4a8936ccd202a3bd8, type: 3}
  m_Name: 
  m_EditorClassIdentifier: 
  m_Material: {fileID: 0}
  m_Color: {r: 0.9490196, g: 0.92941177, b: 0.8784314, a: 1}
  m_RaycastTarget: 1
  m_OnCullStateChanged:
    m_PersistentCalls:
      m_Calls: []
    m_TypeName: UnityEngine.UI.MaskableGraphic+CullStateChangedEvent, UnityEngine.UI,
      Version=1.0.0.0, Culture=neutral, PublicKeyToken=null
  m_Sprite: {fileID: 21300000, guid: 7ed1238760b863f4aafde32ab3a6f28c, type: 3}
  m_Type: 1
  m_PreserveAspect: 0
  m_FillCenter: 1
  m_FillMethod: 4
  m_FillAmount: 1
  m_FillClockwise: 1
  m_FillOrigin: 0
--- !u!222 &1949711282
CanvasRenderer:
  m_ObjectHideFlags: 0
  m_PrefabParentObject: {fileID: 22290808, guid: a0b7360ac5a70ff4193eca8f6da4fa57,
    type: 2}
  m_PrefabInternal: {fileID: 71377086}
  m_GameObject: {fileID: 1949711279}
--- !u!1 &1972346497
GameObject:
  m_ObjectHideFlags: 0
  m_PrefabParentObject: {fileID: 161780, guid: a0b7360ac5a70ff4193eca8f6da4fa57, type: 2}
  m_PrefabInternal: {fileID: 71377086}
  serializedVersion: 5
  m_Component:
  - component: {fileID: 1972346498}
  - component: {fileID: 1972346500}
  - component: {fileID: 1972346499}
  m_Layer: 5
  m_Name: Image
  m_TagString: Untagged
  m_Icon: {fileID: 0}
  m_NavMeshLayer: 0
  m_StaticEditorFlags: 0
  m_IsActive: 1
--- !u!224 &1972346498
RectTransform:
  m_ObjectHideFlags: 0
  m_PrefabParentObject: {fileID: 22415466, guid: a0b7360ac5a70ff4193eca8f6da4fa57,
    type: 2}
  m_PrefabInternal: {fileID: 71377086}
  m_GameObject: {fileID: 1972346497}
  m_LocalRotation: {x: 0, y: 0, z: 0.3826835, w: 0.92387956}
  m_LocalPosition: {x: 0, y: 0, z: 0}
  m_LocalScale: {x: 1, y: 1, z: 1}
  m_Children: []
  m_Father: {fileID: 1389093364}
  m_RootOrder: 0
  m_LocalEulerAnglesHint: {x: 0, y: 0, z: 0}
  m_AnchorMin: {x: 0.5, y: 0.5}
  m_AnchorMax: {x: 0.5, y: 0.5}
  m_AnchoredPosition: {x: 0, y: 0}
  m_SizeDelta: {x: 72, y: 10}
  m_Pivot: {x: 0.5, y: 0.5}
--- !u!114 &1972346499
MonoBehaviour:
  m_ObjectHideFlags: 0
  m_PrefabParentObject: {fileID: 11432532, guid: a0b7360ac5a70ff4193eca8f6da4fa57,
    type: 2}
  m_PrefabInternal: {fileID: 71377086}
  m_GameObject: {fileID: 1972346497}
  m_Enabled: 1
  m_EditorHideFlags: 0
  m_Script: {fileID: -765806418, guid: f5f67c52d1564df4a8936ccd202a3bd8, type: 3}
  m_Name: 
  m_EditorClassIdentifier: 
  m_Material: {fileID: 0}
  m_Color: {r: 0.94509804, g: 0.9254902, b: 0.8745098, a: 1}
  m_RaycastTarget: 1
  m_OnCullStateChanged:
    m_PersistentCalls:
      m_Calls: []
    m_TypeName: UnityEngine.UI.MaskableGraphic+CullStateChangedEvent, UnityEngine.UI,
      Version=1.0.0.0, Culture=neutral, PublicKeyToken=null
  m_Sprite: {fileID: 21300000, guid: 7ed1238760b863f4aafde32ab3a6f28c, type: 3}
  m_Type: 1
  m_PreserveAspect: 0
  m_FillCenter: 1
  m_FillMethod: 4
  m_FillAmount: 1
  m_FillClockwise: 1
  m_FillOrigin: 0
--- !u!222 &1972346500
CanvasRenderer:
  m_ObjectHideFlags: 0
  m_PrefabParentObject: {fileID: 22207900, guid: a0b7360ac5a70ff4193eca8f6da4fa57,
    type: 2}
  m_PrefabInternal: {fileID: 71377086}
  m_GameObject: {fileID: 1972346497}
--- !u!1 &2062930358
GameObject:
  m_ObjectHideFlags: 0
  m_PrefabParentObject: {fileID: 120992, guid: a0b7360ac5a70ff4193eca8f6da4fa57, type: 2}
  m_PrefabInternal: {fileID: 71377086}
  serializedVersion: 5
  m_Component:
  - component: {fileID: 2062930359}
  - component: {fileID: 2062930361}
  - component: {fileID: 2062930360}
  m_Layer: 5
  m_Name: Panel
  m_TagString: Untagged
  m_Icon: {fileID: 0}
  m_NavMeshLayer: 0
  m_StaticEditorFlags: 0
  m_IsActive: 1
--- !u!224 &2062930359
RectTransform:
  m_ObjectHideFlags: 0
  m_PrefabParentObject: {fileID: 22455676, guid: a0b7360ac5a70ff4193eca8f6da4fa57,
    type: 2}
  m_PrefabInternal: {fileID: 71377086}
  m_GameObject: {fileID: 2062930358}
  m_LocalRotation: {x: 0, y: 0, z: 0, w: 1}
  m_LocalPosition: {x: 0, y: 9, z: 0}
  m_LocalScale: {x: 1, y: 1, z: 1}
  m_Children:
  - {fileID: 1778315682}
  - {fileID: 1346006443}
  m_Father: {fileID: 1081403690}
  m_RootOrder: 0
  m_LocalEulerAnglesHint: {x: 0, y: 0, z: 0}
  m_AnchorMin: {x: 0.5, y: 0.5}
  m_AnchorMax: {x: 0.5, y: 0.5}
  m_AnchoredPosition: {x: 0, y: 9}
  m_SizeDelta: {x: 206, y: 206}
  m_Pivot: {x: 0.5, y: 0.5}
--- !u!114 &2062930360
MonoBehaviour:
  m_ObjectHideFlags: 0
  m_PrefabParentObject: {fileID: 11477672, guid: a0b7360ac5a70ff4193eca8f6da4fa57,
    type: 2}
  m_PrefabInternal: {fileID: 71377086}
  m_GameObject: {fileID: 2062930358}
  m_Enabled: 1
  m_EditorHideFlags: 0
  m_Script: {fileID: -765806418, guid: f5f67c52d1564df4a8936ccd202a3bd8, type: 3}
  m_Name: 
  m_EditorClassIdentifier: 
  m_Material: {fileID: 0}
  m_Color: {r: 0.12156863, g: 0.827451, b: 0.5764706, a: 1}
  m_RaycastTarget: 1
  m_OnCullStateChanged:
    m_PersistentCalls:
      m_Calls: []
    m_TypeName: UnityEngine.UI.MaskableGraphic+CullStateChangedEvent, UnityEngine.UI,
      Version=1.0.0.0, Culture=neutral, PublicKeyToken=null
  m_Sprite: {fileID: 21300000, guid: 291502478103f274da140dc9d17c64dc, type: 3}
  m_Type: 0
  m_PreserveAspect: 0
  m_FillCenter: 1
  m_FillMethod: 4
  m_FillAmount: 1
  m_FillClockwise: 1
  m_FillOrigin: 0
--- !u!222 &2062930361
CanvasRenderer:
  m_ObjectHideFlags: 0
  m_PrefabParentObject: {fileID: 22293190, guid: a0b7360ac5a70ff4193eca8f6da4fa57,
    type: 2}
  m_PrefabInternal: {fileID: 71377086}
  m_GameObject: {fileID: 2062930358}
--- !u!1 &2101659710
GameObject:
  m_ObjectHideFlags: 0
  m_PrefabParentObject: {fileID: 164940, guid: a0b7360ac5a70ff4193eca8f6da4fa57, type: 2}
  m_PrefabInternal: {fileID: 71377086}
  serializedVersion: 5
  m_Component:
  - component: {fileID: 2101659711}
  - component: {fileID: 2101659713}
  - component: {fileID: 2101659712}
  m_Layer: 5
  m_Name: Lines
  m_TagString: Untagged
  m_Icon: {fileID: 0}
  m_NavMeshLayer: 0
  m_StaticEditorFlags: 0
  m_IsActive: 1
--- !u!224 &2101659711
RectTransform:
  m_ObjectHideFlags: 0
  m_PrefabParentObject: {fileID: 22429334, guid: a0b7360ac5a70ff4193eca8f6da4fa57,
    type: 2}
  m_PrefabInternal: {fileID: 71377086}
  m_GameObject: {fileID: 2101659710}
  m_LocalRotation: {x: 0, y: 0, z: 0, w: 1}
  m_LocalPosition: {x: 173, y: 4, z: 0}
  m_LocalScale: {x: 1.3, y: 1.3, z: 1}
  m_Children: []
  m_Father: {fileID: 81433345}
  m_RootOrder: 2
  m_LocalEulerAnglesHint: {x: 0, y: 0, z: 0}
  m_AnchorMin: {x: 0.5, y: 0.5}
  m_AnchorMax: {x: 0.5, y: 0.5}
  m_AnchoredPosition: {x: 173, y: 4}
  m_SizeDelta: {x: 10, y: 721}
  m_Pivot: {x: 0.5, y: 0.5}
--- !u!114 &2101659712
MonoBehaviour:
  m_ObjectHideFlags: 0
  m_PrefabParentObject: {fileID: 11478894, guid: a0b7360ac5a70ff4193eca8f6da4fa57,
    type: 2}
  m_PrefabInternal: {fileID: 71377086}
  m_GameObject: {fileID: 2101659710}
  m_Enabled: 1
  m_EditorHideFlags: 0
  m_Script: {fileID: -765806418, guid: f5f67c52d1564df4a8936ccd202a3bd8, type: 3}
  m_Name: 
  m_EditorClassIdentifier: 
  m_Material: {fileID: 0}
  m_Color: {r: 0.9490196, g: 0.92941177, b: 0.8784314, a: 1}
  m_RaycastTarget: 1
  m_OnCullStateChanged:
    m_PersistentCalls:
      m_Calls: []
    m_TypeName: UnityEngine.UI.MaskableGraphic+CullStateChangedEvent, UnityEngine.UI,
      Version=1.0.0.0, Culture=neutral, PublicKeyToken=null
  m_Sprite: {fileID: 21300000, guid: 7ed1238760b863f4aafde32ab3a6f28c, type: 3}
  m_Type: 1
  m_PreserveAspect: 0
  m_FillCenter: 1
  m_FillMethod: 4
  m_FillAmount: 1
  m_FillClockwise: 1
  m_FillOrigin: 0
--- !u!222 &2101659713
CanvasRenderer:
  m_ObjectHideFlags: 0
  m_PrefabParentObject: {fileID: 22262096, guid: a0b7360ac5a70ff4193eca8f6da4fa57,
    type: 2}
  m_PrefabInternal: {fileID: 71377086}
  m_GameObject: {fileID: 2101659710}
