%YAML 1.1
%TAG !u! tag:unity3d.com,2011:
--- !u!29 &1
OcclusionCullingSettings:
  m_ObjectHideFlags: 0
  serializedVersion: 2
  m_OcclusionBakeSettings:
    smallestOccluder: 5
    smallestHole: 0.25
    backfaceThreshold: 100
  m_SceneGUID: 00000000000000000000000000000000
  m_OcclusionCullingData: {fileID: 0}
--- !u!104 &2
RenderSettings:
  m_ObjectHideFlags: 0
  serializedVersion: 8
  m_Fog: 0
  m_FogColor: {r: 0.5, g: 0.5, b: 0.5, a: 1}
  m_FogMode: 3
  m_FogDensity: 0.01
  m_LinearFogStart: 0
  m_LinearFogEnd: 300
  m_AmbientSkyColor: {r: 0.212, g: 0.227, b: 0.259, a: 1}
  m_AmbientEquatorColor: {r: 0.114, g: 0.125, b: 0.133, a: 1}
  m_AmbientGroundColor: {r: 0.047, g: 0.043, b: 0.035, a: 1}
  m_AmbientIntensity: 1
  m_AmbientMode: 0
  m_SubtractiveShadowColor: {r: 0.42, g: 0.478, b: 0.627, a: 1}
  m_SkyboxMaterial: {fileID: 10304, guid: 0000000000000000f000000000000000, type: 0}
  m_HaloStrength: 0.5
  m_FlareStrength: 1
  m_FlareFadeSpeed: 3
  m_HaloTexture: {fileID: 0}
  m_SpotCookie: {fileID: 10001, guid: 0000000000000000e000000000000000, type: 0}
  m_DefaultReflectionMode: 0
  m_DefaultReflectionResolution: 128
  m_ReflectionBounces: 1
  m_ReflectionIntensity: 1
  m_CustomReflection: {fileID: 0}
  m_Sun: {fileID: 0}
  m_IndirectSpecularColor: {r: 0, g: 0, b: 0, a: 1}
--- !u!157 &4
LightmapSettings:
  m_ObjectHideFlags: 0
  serializedVersion: 11
  m_GIWorkflowMode: 0
  m_GISettings:
    serializedVersion: 2
    m_BounceScale: 1
    m_IndirectOutputScale: 1
    m_AlbedoBoost: 1
    m_TemporalCoherenceThreshold: 1
    m_EnvironmentLightingMode: 0
    m_EnableBakedLightmaps: 1
    m_EnableRealtimeLightmaps: 1
  m_LightmapEditorSettings:
    serializedVersion: 9
    m_Resolution: 2
    m_BakeResolution: 40
    m_TextureWidth: 1024
    m_TextureHeight: 1024
    m_AO: 0
    m_AOMaxDistance: 1
    m_CompAOExponent: 0
    m_CompAOExponentDirect: 0
    m_Padding: 2
    m_LightmapParameters: {fileID: 0}
    m_LightmapsBakeMode: 1
    m_TextureCompression: 1
    m_FinalGather: 0
    m_FinalGatherFiltering: 1
    m_FinalGatherRayCount: 1024
    m_ReflectionCompression: 2
    m_MixedBakeMode: 1
    m_BakeBackend: 0
    m_PVRSampling: 1
    m_PVRDirectSampleCount: 32
    m_PVRSampleCount: 500
    m_PVRBounces: 2
    m_PVRFilterTypeDirect: 0
    m_PVRFilterTypeIndirect: 0
    m_PVRFilterTypeAO: 0
    m_PVRFilteringMode: 0
    m_PVRCulling: 1
    m_PVRFilteringGaussRadiusDirect: 1
    m_PVRFilteringGaussRadiusIndirect: 5
    m_PVRFilteringGaussRadiusAO: 2
    m_PVRFilteringAtrousPositionSigmaDirect: 0.5
    m_PVRFilteringAtrousPositionSigmaIndirect: 2
    m_PVRFilteringAtrousPositionSigmaAO: 1
  m_LightingDataAsset: {fileID: 0}
  m_UseShadowmask: 0
--- !u!196 &5
NavMeshSettings:
  serializedVersion: 2
  m_ObjectHideFlags: 0
  m_BuildSettings:
    serializedVersion: 2
    agentTypeID: 0
    agentRadius: 0.5
    agentHeight: 2
    agentSlope: 45
    agentClimb: 0.4
    ledgeDropHeight: 0
    maxJumpAcrossDistance: 0
    minRegionArea: 2
    manualCellSize: 0
    cellSize: 0.16666667
    manualTileSize: 0
    tileSize: 256
    accuratePlacement: 0
    debug:
      m_Flags: 0
  m_NavMeshData: {fileID: 0}
--- !u!1 &182254328
GameObject:
  m_ObjectHideFlags: 0
  m_PrefabParentObject: {fileID: 180810, guid: a1e487818cc6e6a45b2614a07765c50d, type: 2}
  m_PrefabInternal: {fileID: 1018091426}
  serializedVersion: 5
  m_Component:
  - component: {fileID: 182254329}
  - component: {fileID: 182254331}
  - component: {fileID: 182254330}
  m_Layer: 5
  m_Name: Player_2
  m_TagString: Untagged
  m_Icon: {fileID: 0}
  m_NavMeshLayer: 0
  m_StaticEditorFlags: 0
  m_IsActive: 1
--- !u!224 &182254329
RectTransform:
  m_ObjectHideFlags: 0
  m_PrefabParentObject: {fileID: 22480810, guid: a1e487818cc6e6a45b2614a07765c50d,
    type: 2}
  m_PrefabInternal: {fileID: 1018091426}
  m_GameObject: {fileID: 182254328}
  m_LocalRotation: {x: 0, y: 0, z: 0, w: 1}
  m_LocalPosition: {x: -68, y: -524, z: 0}
  m_LocalScale: {x: 1.3, y: 1.3, z: 1}
  m_Children: []
  m_Father: {fileID: 1327544733}
  m_RootOrder: 3
  m_LocalEulerAnglesHint: {x: 0, y: 0, z: 0}
  m_AnchorMin: {x: 0.5, y: 0.5}
  m_AnchorMax: {x: 0.5, y: 0.5}
  m_AnchoredPosition: {x: -68, y: -524}
  m_SizeDelta: {x: 136, y: 24}
  m_Pivot: {x: 0.5, y: 0.5}
--- !u!114 &182254330
MonoBehaviour:
  m_ObjectHideFlags: 0
  m_PrefabParentObject: {fileID: 11480810, guid: a1e487818cc6e6a45b2614a07765c50d,
    type: 2}
  m_PrefabInternal: {fileID: 1018091426}
  m_GameObject: {fileID: 182254328}
  m_Enabled: 1
  m_EditorHideFlags: 0
  m_Script: {fileID: -765806418, guid: f5f67c52d1564df4a8936ccd202a3bd8, type: 3}
  m_Name: 
  m_EditorClassIdentifier: 
  m_Material: {fileID: 0}
  m_Color: {r: 0.8784314, g: 0.84705883, b: 0.80784315, a: 1}
  m_RaycastTarget: 1
  m_OnCullStateChanged:
    m_PersistentCalls:
      m_Calls: []
    m_TypeName: UnityEngine.UI.MaskableGraphic+CullStateChangedEvent, UnityEngine.UI,
      Version=1.0.0.0, Culture=neutral, PublicKeyToken=null
  m_Sprite: {fileID: 21300000, guid: 7ed1238760b863f4aafde32ab3a6f28c, type: 3}
  m_Type: 1
  m_PreserveAspect: 0
  m_FillCenter: 1
  m_FillMethod: 4
  m_FillAmount: 0.113
  m_FillClockwise: 1
  m_FillOrigin: 0
--- !u!222 &182254331
CanvasRenderer:
  m_ObjectHideFlags: 0
  m_PrefabParentObject: {fileID: 22280810, guid: a1e487818cc6e6a45b2614a07765c50d,
    type: 2}
  m_PrefabInternal: {fileID: 1018091426}
  m_GameObject: {fileID: 182254328}
--- !u!1 &303934037
GameObject:
  m_ObjectHideFlags: 0
  m_PrefabParentObject: {fileID: 180824, guid: a1e487818cc6e6a45b2614a07765c50d, type: 2}
  m_PrefabInternal: {fileID: 1018091426}
  serializedVersion: 5
  m_Component:
  - component: {fileID: 303934038}
  - component: {fileID: 303934040}
  - component: {fileID: 303934039}
  m_Layer: 5
  m_Name: AppTitle
  m_TagString: Untagged
  m_Icon: {fileID: 0}
  m_NavMeshLayer: 0
  m_StaticEditorFlags: 0
  m_IsActive: 1
--- !u!224 &303934038
RectTransform:
  m_ObjectHideFlags: 0
  m_PrefabParentObject: {fileID: 22480824, guid: a1e487818cc6e6a45b2614a07765c50d,
    type: 2}
  m_PrefabInternal: {fileID: 1018091426}
  m_GameObject: {fileID: 303934037}
  m_LocalRotation: {x: 0, y: 0, z: 0, w: 1}
  m_LocalPosition: {x: 295, y: -68, z: 0}
  m_LocalScale: {x: 1, y: 1, z: 1}
  m_Children: []
  m_Father: {fileID: 1848490483}
  m_RootOrder: 0
  m_LocalEulerAnglesHint: {x: 0, y: 0, z: 0}
  m_AnchorMin: {x: 0.5, y: 0.5}
  m_AnchorMax: {x: 0.5, y: 0.5}
  m_AnchoredPosition: {x: 295, y: -68}
  m_SizeDelta: {x: 695, y: 109}
  m_Pivot: {x: 0.5, y: 0.5}
--- !u!114 &303934039
MonoBehaviour:
  m_ObjectHideFlags: 0
  m_PrefabParentObject: {fileID: 11480828, guid: a1e487818cc6e6a45b2614a07765c50d,
    type: 2}
  m_PrefabInternal: {fileID: 1018091426}
  m_GameObject: {fileID: 303934037}
  m_Enabled: 1
  m_EditorHideFlags: 0
  m_Script: {fileID: 708705254, guid: f5f67c52d1564df4a8936ccd202a3bd8, type: 3}
  m_Name: 
  m_EditorClassIdentifier: 
  m_Material: {fileID: 0}
  m_Color: {r: 0.85490197, g: 0.85490197, b: 0.85490197, a: 1}
  m_RaycastTarget: 1
  m_OnCullStateChanged:
    m_PersistentCalls:
      m_Calls: []
    m_TypeName: UnityEngine.UI.MaskableGraphic+CullStateChangedEvent, UnityEngine.UI,
      Version=1.0.0.0, Culture=neutral, PublicKeyToken=null
  m_FontData:
    m_Font: {fileID: 12800000, guid: 218956a5c2a6e42d6a60afccf80b002b, type: 3}
    m_FontSize: 40
    m_FontStyle: 0
    m_BestFit: 0
    m_MinSize: 10
    m_MaxSize: 40
    m_Alignment: 0
    m_AlignByGeometry: 0
    m_RichText: 1
    m_HorizontalOverflow: 0
    m_VerticalOverflow: 1
    m_LineSpacing: 1
  m_Text: EXAMPLE
--- !u!222 &303934040
CanvasRenderer:
  m_ObjectHideFlags: 0
  m_PrefabParentObject: {fileID: 22280822, guid: a1e487818cc6e6a45b2614a07765c50d,
    type: 2}
  m_PrefabInternal: {fileID: 1018091426}
  m_GameObject: {fileID: 303934037}
--- !u!1 &444593682
GameObject:
  m_ObjectHideFlags: 0
  m_PrefabParentObject: {fileID: 180816, guid: a1e487818cc6e6a45b2614a07765c50d, type: 2}
  m_PrefabInternal: {fileID: 1018091426}
  serializedVersion: 5
  m_Component:
  - component: {fileID: 444593686}
  - component: {fileID: 444593685}
  - component: {fileID: 444593684}
  - component: {fileID: 444593683}
  m_Layer: 5
  m_Name: GameExample_17
  m_TagString: Untagged
  m_Icon: {fileID: 0}
  m_NavMeshLayer: 0
  m_StaticEditorFlags: 0
  m_IsActive: 1
--- !u!114 &444593683
MonoBehaviour:
  m_ObjectHideFlags: 0
  m_PrefabParentObject: {fileID: 11480816, guid: a1e487818cc6e6a45b2614a07765c50d,
    type: 2}
  m_PrefabInternal: {fileID: 1018091426}
  m_GameObject: {fileID: 444593682}
  m_Enabled: 1
  m_EditorHideFlags: 0
  m_Script: {fileID: 1301386320, guid: f5f67c52d1564df4a8936ccd202a3bd8, type: 3}
  m_Name: 
  m_EditorClassIdentifier: 
  m_IgnoreReversedGraphics: 1
  m_BlockingObjects: 0
  m_BlockingMask:
    serializedVersion: 2
    m_Bits: 4294967295
--- !u!114 &444593684
MonoBehaviour:
  m_ObjectHideFlags: 0
  m_PrefabParentObject: {fileID: 11480818, guid: a1e487818cc6e6a45b2614a07765c50d,
    type: 2}
  m_PrefabInternal: {fileID: 1018091426}
  m_GameObject: {fileID: 444593682}
  m_Enabled: 1
  m_EditorHideFlags: 0
  m_Script: {fileID: 1980459831, guid: f5f67c52d1564df4a8936ccd202a3bd8, type: 3}
  m_Name: 
  m_EditorClassIdentifier: 
  m_UiScaleMode: 1
  m_ReferencePixelsPerUnit: 100
  m_ScaleFactor: 1
  m_ReferenceResolution: {x: 640, y: 1136}
  m_ScreenMatchMode: 0
  m_MatchWidthOrHeight: 1
  m_PhysicalUnit: 3
  m_FallbackScreenDPI: 96
  m_DefaultSpriteDPI: 96
  m_DynamicPixelsPerUnit: 1
--- !u!223 &444593685
Canvas:
  m_ObjectHideFlags: 0
  m_PrefabParentObject: {fileID: 22380810, guid: a1e487818cc6e6a45b2614a07765c50d,
    type: 2}
  m_PrefabInternal: {fileID: 1018091426}
  m_GameObject: {fileID: 444593682}
  m_Enabled: 1
  serializedVersion: 3
  m_RenderMode: 0
  m_Camera: {fileID: 0}
  m_PlaneDistance: 100
  m_PixelPerfect: 1
  m_ReceivesEvents: 1
  m_OverrideSorting: 0
  m_OverridePixelPerfect: 0
  m_SortingBucketNormalizedSize: 0
  m_AdditionalShaderChannelsFlag: 25
  m_SortingLayerID: 0
  m_SortingOrder: 0
  m_TargetDisplay: 0
--- !u!224 &444593686
RectTransform:
  m_ObjectHideFlags: 0
  m_PrefabParentObject: {fileID: 22480816, guid: a1e487818cc6e6a45b2614a07765c50d,
    type: 2}
  m_PrefabInternal: {fileID: 1018091426}
  m_GameObject: {fileID: 444593682}
  m_LocalRotation: {x: 0, y: 0, z: 0, w: 1}
  m_LocalPosition: {x: 320, y: 240, z: 0}
  m_LocalScale: {x: 0.4225352, y: 0.4225352, z: 0.4225352}
  m_Children:
  - {fileID: 1848490483}
  - {fileID: 1327544733}
  m_Father: {fileID: 0}
  m_RootOrder: 0
  m_LocalEulerAnglesHint: {x: 0, y: 0, z: 0}
  m_AnchorMin: {x: 0, y: 0}
  m_AnchorMax: {x: 0, y: 0}
  m_AnchoredPosition: {x: 320, y: 240}
  m_SizeDelta: {x: 1514.6666, y: 1136}
  m_Pivot: {x: 0.5, y: 0.5}
--- !u!1 &575048726
GameObject:
  m_ObjectHideFlags: 0
  m_PrefabParentObject: {fileID: 180814, guid: a1e487818cc6e6a45b2614a07765c50d, type: 2}
  m_PrefabInternal: {fileID: 1018091426}
  serializedVersion: 5
  m_Component:
  - component: {fileID: 575048727}
  - component: {fileID: 575048729}
  - component: {fileID: 575048728}
  m_Layer: 5
  m_Name: InfoText
  m_TagString: Untagged
  m_Icon: {fileID: 0}
  m_NavMeshLayer: 0
  m_StaticEditorFlags: 0
  m_IsActive: 1
--- !u!224 &575048727
RectTransform:
  m_ObjectHideFlags: 0
  m_PrefabParentObject: {fileID: 22480814, guid: a1e487818cc6e6a45b2614a07765c50d,
    type: 2}
  m_PrefabInternal: {fileID: 1018091426}
  m_GameObject: {fileID: 575048726}
  m_LocalRotation: {x: 0, y: 0, z: 0.7071068, w: 0.7071068}
  m_LocalPosition: {x: -229, y: -116, z: 0}
  m_LocalScale: {x: 0.8, y: 0.8, z: 1}
  m_Children: []
  m_Father: {fileID: 1327544733}
  m_RootOrder: 0
  m_LocalEulerAnglesHint: {x: 0, y: 0, z: 0}
  m_AnchorMin: {x: 0.5, y: 0.5}
  m_AnchorMax: {x: 0.5, y: 0.5}
  m_AnchoredPosition: {x: -229, y: -116}
  m_SizeDelta: {x: 292, y: 300}
  m_Pivot: {x: 0.5, y: 0.5}
--- !u!114 &575048728
MonoBehaviour:
  m_ObjectHideFlags: 0
  m_PrefabParentObject: {fileID: 11480814, guid: a1e487818cc6e6a45b2614a07765c50d,
    type: 2}
  m_PrefabInternal: {fileID: 1018091426}
  m_GameObject: {fileID: 575048726}
  m_Enabled: 1
  m_EditorHideFlags: 0
  m_Script: {fileID: 708705254, guid: f5f67c52d1564df4a8936ccd202a3bd8, type: 3}
  m_Name: 
  m_EditorClassIdentifier: 
  m_Material: {fileID: 0}
  m_Color: {r: 0.94509804, g: 0.9254902, b: 0.8745098, a: 1}
  m_RaycastTarget: 1
  m_OnCullStateChanged:
    m_PersistentCalls:
      m_Calls: []
    m_TypeName: UnityEngine.UI.MaskableGraphic+CullStateChangedEvent, UnityEngine.UI,
      Version=1.0.0.0, Culture=neutral, PublicKeyToken=null
  m_FontData:
    m_Font: {fileID: 12800000, guid: 7dfc2e1472ac84e1bb749a8a9f934483, type: 3}
    m_FontSize: 151
    m_FontStyle: 0
    m_BestFit: 0
    m_MinSize: 10
    m_MaxSize: 151
    m_Alignment: 4
    m_AlignByGeometry: 0
    m_RichText: 1
    m_HorizontalOverflow: 0
    m_VerticalOverflow: 0
    m_LineSpacing: 1
  m_Text: 0
--- !u!222 &575048729
CanvasRenderer:
  m_ObjectHideFlags: 0
  m_PrefabParentObject: {fileID: 22280814, guid: a1e487818cc6e6a45b2614a07765c50d,
    type: 2}
  m_PrefabInternal: {fileID: 1018091426}
  m_GameObject: {fileID: 575048726}
--- !u!1001 &1018091426
Prefab:
  m_ObjectHideFlags: 0
  serializedVersion: 2
  m_Modification:
    m_TransformParent: {fileID: 0}
    m_Modifications:
    - target: {fileID: 22480816, guid: a1e487818cc6e6a45b2614a07765c50d, type: 2}
      propertyPath: m_LocalPosition.x
      value: 320
      objectReference: {fileID: 0}
    - target: {fileID: 22480816, guid: a1e487818cc6e6a45b2614a07765c50d, type: 2}
      propertyPath: m_LocalPosition.y
      value: 240
      objectReference: {fileID: 0}
    - target: {fileID: 22480816, guid: a1e487818cc6e6a45b2614a07765c50d, type: 2}
      propertyPath: m_LocalPosition.z
      value: 0
      objectReference: {fileID: 0}
    - target: {fileID: 22480816, guid: a1e487818cc6e6a45b2614a07765c50d, type: 2}
      propertyPath: m_LocalRotation.x
      value: 0
      objectReference: {fileID: 0}
    - target: {fileID: 22480816, guid: a1e487818cc6e6a45b2614a07765c50d, type: 2}
      propertyPath: m_LocalRotation.y
      value: 0
      objectReference: {fileID: 0}
    - target: {fileID: 22480816, guid: a1e487818cc6e6a45b2614a07765c50d, type: 2}
      propertyPath: m_LocalRotation.z
      value: 0
      objectReference: {fileID: 0}
    - target: {fileID: 22480816, guid: a1e487818cc6e6a45b2614a07765c50d, type: 2}
      propertyPath: m_LocalRotation.w
      value: 1
      objectReference: {fileID: 0}
    - target: {fileID: 22480816, guid: a1e487818cc6e6a45b2614a07765c50d, type: 2}
      propertyPath: m_RootOrder
      value: 0
      objectReference: {fileID: 0}
    - target: {fileID: 22480816, guid: a1e487818cc6e6a45b2614a07765c50d, type: 2}
      propertyPath: m_AnchoredPosition.x
      value: 0
      objectReference: {fileID: 0}
    - target: {fileID: 22480816, guid: a1e487818cc6e6a45b2614a07765c50d, type: 2}
      propertyPath: m_AnchoredPosition.y
      value: 0
      objectReference: {fileID: 0}
    - target: {fileID: 22480816, guid: a1e487818cc6e6a45b2614a07765c50d, type: 2}
      propertyPath: m_SizeDelta.x
      value: 0
      objectReference: {fileID: 0}
    - target: {fileID: 22480816, guid: a1e487818cc6e6a45b2614a07765c50d, type: 2}
      propertyPath: m_SizeDelta.y
      value: 0
      objectReference: {fileID: 0}
    - target: {fileID: 22480816, guid: a1e487818cc6e6a45b2614a07765c50d, type: 2}
      propertyPath: m_AnchorMin.x
      value: 0
      objectReference: {fileID: 0}
    - target: {fileID: 22480816, guid: a1e487818cc6e6a45b2614a07765c50d, type: 2}
      propertyPath: m_AnchorMin.y
      value: 0
      objectReference: {fileID: 0}
    - target: {fileID: 22480816, guid: a1e487818cc6e6a45b2614a07765c50d, type: 2}
      propertyPath: m_AnchorMax.x
      value: 0
      objectReference: {fileID: 0}
    - target: {fileID: 22480816, guid: a1e487818cc6e6a45b2614a07765c50d, type: 2}
      propertyPath: m_AnchorMax.y
      value: 0
      objectReference: {fileID: 0}
    - target: {fileID: 22480816, guid: a1e487818cc6e6a45b2614a07765c50d, type: 2}
      propertyPath: m_Pivot.x
      value: 0
      objectReference: {fileID: 0}
    - target: {fileID: 22480816, guid: a1e487818cc6e6a45b2614a07765c50d, type: 2}
      propertyPath: m_Pivot.y
      value: 0
      objectReference: {fileID: 0}
    m_RemovedComponents: []
  m_ParentPrefab: {fileID: 100100000, guid: a1e487818cc6e6a45b2614a07765c50d, type: 2}
  m_RootGameObject: {fileID: 444593682}
  m_IsPrefabParent: 0
--- !u!1 &1327544732
GameObject:
  m_ObjectHideFlags: 0
  m_PrefabParentObject: {fileID: 180822, guid: a1e487818cc6e6a45b2614a07765c50d, type: 2}
  m_PrefabInternal: {fileID: 1018091426}
  serializedVersion: 5
  m_Component:
  - component: {fileID: 1327544733}
  - component: {fileID: 1327544736}
  - component: {fileID: 1327544735}
  - component: {fileID: 1327544734}
  m_Layer: 5
  m_Name: Panel
  m_TagString: Untagged
  m_Icon: {fileID: 0}
  m_NavMeshLayer: 0
  m_StaticEditorFlags: 0
  m_IsActive: 1
--- !u!224 &1327544733
RectTransform:
  m_ObjectHideFlags: 0
  m_PrefabParentObject: {fileID: 22480822, guid: a1e487818cc6e6a45b2614a07765c50d,
    type: 2}
  m_PrefabInternal: {fileID: 1018091426}
  m_GameObject: {fileID: 1327544732}
  m_LocalRotation: {x: 0, y: 0, z: 0, w: 1}
  m_LocalPosition: {x: 0, y: -0.020019531, z: 0}
  m_LocalScale: {x: 1, y: 1, z: 1}
  m_Children:
  - {fileID: 575048727}
  - {fileID: 1952515498}
  - {fileID: 1878409944}
  - {fileID: 182254329}
  - {fileID: 1753734854}
  - {fileID: 1816065607}
  m_Father: {fileID: 444593686}
  m_RootOrder: 1
  m_LocalEulerAnglesHint: {x: 0, y: 0, z: 0}
  m_AnchorMin: {x: 0.5, y: 0.5}
  m_AnchorMax: {x: 0.5, y: 0.5}
  m_AnchoredPosition: {x: 0, y: -0.020019531}
  m_SizeDelta: {x: 640, y: 1136}
  m_Pivot: {x: 0.5, y: 0.5}
--- !u!114 &1327544734
MonoBehaviour:
  m_ObjectHideFlags: 0
  m_PrefabParentObject: {fileID: 11480824, guid: a1e487818cc6e6a45b2614a07765c50d,
    type: 2}
  m_PrefabInternal: {fileID: 1018091426}
  m_GameObject: {fileID: 1327544732}
  m_Enabled: 1
  m_EditorHideFlags: 0
  m_Script: {fileID: -1200242548, guid: f5f67c52d1564df4a8936ccd202a3bd8, type: 3}
  m_Name: 
  m_EditorClassIdentifier: 
  m_ShowMaskGraphic: 1
--- !u!114 &1327544735
MonoBehaviour:
  m_ObjectHideFlags: 0
  m_PrefabParentObject: {fileID: 11480826, guid: a1e487818cc6e6a45b2614a07765c50d,
    type: 2}
  m_PrefabInternal: {fileID: 1018091426}
  m_GameObject: {fileID: 1327544732}
  m_Enabled: 1
  m_EditorHideFlags: 0
  m_Script: {fileID: -765806418, guid: f5f67c52d1564df4a8936ccd202a3bd8, type: 3}
  m_Name: 
  m_EditorClassIdentifier: 
  m_Material: {fileID: 0}
  m_Color: {r: 0.19607843, g: 0.19607843, b: 0.19607843, a: 1}
  m_RaycastTarget: 1
  m_OnCullStateChanged:
    m_PersistentCalls:
      m_Calls: []
    m_TypeName: UnityEngine.UI.MaskableGraphic+CullStateChangedEvent, UnityEngine.UI,
      Version=1.0.0.0, Culture=neutral, PublicKeyToken=null
  m_Sprite: {fileID: 21300000, guid: 7ed1238760b863f4aafde32ab3a6f28c, type: 3}
  m_Type: 1
  m_PreserveAspect: 0
  m_FillCenter: 1
  m_FillMethod: 4
  m_FillAmount: 1
  m_FillClockwise: 1
  m_FillOrigin: 0
--- !u!222 &1327544736
CanvasRenderer:
  m_ObjectHideFlags: 0
  m_PrefabParentObject: {fileID: 22280820, guid: a1e487818cc6e6a45b2614a07765c50d,
    type: 2}
  m_PrefabInternal: {fileID: 1018091426}
  m_GameObject: {fileID: 1327544732}
--- !u!1 &1500371475
GameObject:
  m_ObjectHideFlags: 0
  m_PrefabParentObject: {fileID: 0}
  m_PrefabInternal: {fileID: 0}
  serializedVersion: 5
  m_Component:
  - component: {fileID: 1500371479}
  - component: {fileID: 1500371478}
  - component: {fileID: 1500371477}
  - component: {fileID: 1500371476}
  m_Layer: 0
  m_Name: EventSystem
  m_TagString: Untagged
  m_Icon: {fileID: 0}
  m_NavMeshLayer: 0
  m_StaticEditorFlags: 0
  m_IsActive: 1
--- !u!114 &1500371476
MonoBehaviour:
  m_ObjectHideFlags: 0
  m_PrefabParentObject: {fileID: 0}
  m_PrefabInternal: {fileID: 0}
  m_GameObject: {fileID: 1500371475}
  m_Enabled: 1
  m_EditorHideFlags: 0
  m_Script: {fileID: 1997211142, guid: f5f67c52d1564df4a8936ccd202a3bd8, type: 3}
  m_Name: 
  m_EditorClassIdentifier: 
  m_ForceModuleActive: 0
--- !u!114 &1500371477
MonoBehaviour:
  m_ObjectHideFlags: 0
  m_PrefabParentObject: {fileID: 0}
  m_PrefabInternal: {fileID: 0}
  m_GameObject: {fileID: 1500371475}
  m_Enabled: 1
  m_EditorHideFlags: 0
  m_Script: {fileID: 1077351063, guid: f5f67c52d1564df4a8936ccd202a3bd8, type: 3}
  m_Name: 
  m_EditorClassIdentifier: 
  m_HorizontalAxis: Horizontal
  m_VerticalAxis: Vertical
  m_SubmitButton: Submit
  m_CancelButton: Cancel
  m_InputActionsPerSecond: 10
  m_RepeatDelay: 0.5
  m_ForceModuleActive: 0
--- !u!114 &1500371478
MonoBehaviour:
  m_ObjectHideFlags: 0
  m_PrefabParentObject: {fileID: 0}
  m_PrefabInternal: {fileID: 0}
  m_GameObject: {fileID: 1500371475}
  m_Enabled: 1
  m_EditorHideFlags: 0
  m_Script: {fileID: -619905303, guid: f5f67c52d1564df4a8936ccd202a3bd8, type: 3}
  m_Name: 
  m_EditorClassIdentifier: 
  m_FirstSelected: {fileID: 0}
  m_sendNavigationEvents: 1
  m_DragThreshold: 5
--- !u!4 &1500371479
Transform:
  m_ObjectHideFlags: 0
  m_PrefabParentObject: {fileID: 0}
  m_PrefabInternal: {fileID: 0}
  m_GameObject: {fileID: 1500371475}
  m_LocalRotation: {x: 0, y: 0, z: 0, w: 1}
  m_LocalPosition: {x: 0, y: 0, z: 0}
  m_LocalScale: {x: 1, y: 1, z: 1}
  m_Children: []
  m_Father: {fileID: 0}
  m_RootOrder: 1
  m_LocalEulerAnglesHint: {x: 0, y: 0, z: 0}
--- !u!1 &1511305452
GameObject:
  m_ObjectHideFlags: 0
  m_PrefabParentObject: {fileID: 0}
  m_PrefabInternal: {fileID: 0}
  serializedVersion: 5
  m_Component:
  - component: {fileID: 1511305453}
  m_Layer: 0
  m_Name: __SET_YOUR_GAMESCREEN_TO_640x1136
  m_TagString: Untagged
  m_Icon: {fileID: 0}
  m_NavMeshLayer: 0
  m_StaticEditorFlags: 0
  m_IsActive: 1
--- !u!4 &1511305453
Transform:
  m_ObjectHideFlags: 0
  m_PrefabParentObject: {fileID: 0}
  m_PrefabInternal: {fileID: 0}
  m_GameObject: {fileID: 1511305452}
  m_LocalRotation: {x: 0, y: 0, z: 0, w: 1}
  m_LocalPosition: {x: 494.995, y: 627.74, z: 0}
  m_LocalScale: {x: 1, y: 1, z: 1}
  m_Children: []
  m_Father: {fileID: 0}
  m_RootOrder: 2
  m_LocalEulerAnglesHint: {x: 0, y: 0, z: 0}
--- !u!1 &1753734853
GameObject:
  m_ObjectHideFlags: 0
  m_PrefabParentObject: {fileID: 180820, guid: a1e487818cc6e6a45b2614a07765c50d, type: 2}
  m_PrefabInternal: {fileID: 1018091426}
  serializedVersion: 5
  m_Component:
  - component: {fileID: 1753734854}
  - component: {fileID: 1753734856}
  - component: {fileID: 1753734855}
  m_Layer: 5
  m_Name: CenterLine
  m_TagString: Untagged
  m_Icon: {fileID: 0}
  m_NavMeshLayer: 0
  m_StaticEditorFlags: 0
  m_IsActive: 1
--- !u!224 &1753734854
RectTransform:
  m_ObjectHideFlags: 0
  m_PrefabParentObject: {fileID: 22480820, guid: a1e487818cc6e6a45b2614a07765c50d,
    type: 2}
  m_PrefabInternal: {fileID: 1018091426}
  m_GameObject: {fileID: 1753734853}
  m_LocalRotation: {x: 0, y: 0, z: 0, w: 1}
  m_LocalPosition: {x: 0, y: 0, z: 0}
  m_LocalScale: {x: 1.3, y: 1.3, z: 1}
  m_Children: []
  m_Father: {fileID: 1327544733}
  m_RootOrder: 4
  m_LocalEulerAnglesHint: {x: 0, y: 0, z: 0}
  m_AnchorMin: {x: 0.5, y: 0.5}
  m_AnchorMax: {x: 0.5, y: 0.5}
  m_AnchoredPosition: {x: 0, y: 0}
  m_SizeDelta: {x: 445, y: 5}
  m_Pivot: {x: 0.5, y: 0.5}
--- !u!114 &1753734855
MonoBehaviour:
  m_ObjectHideFlags: 0
  m_PrefabParentObject: {fileID: 11480822, guid: a1e487818cc6e6a45b2614a07765c50d,
    type: 2}
  m_PrefabInternal: {fileID: 1018091426}
  m_GameObject: {fileID: 1753734853}
  m_Enabled: 1
  m_EditorHideFlags: 0
  m_Script: {fileID: -765806418, guid: f5f67c52d1564df4a8936ccd202a3bd8, type: 3}
  m_Name: 
  m_EditorClassIdentifier: 
  m_Material: {fileID: 0}
  m_Color: {r: 0.8784314, g: 0.84705883, b: 0.80784315, a: 0.5176471}
  m_RaycastTarget: 1
  m_OnCullStateChanged:
    m_PersistentCalls:
      m_Calls: []
    m_TypeName: UnityEngine.UI.MaskableGraphic+CullStateChangedEvent, UnityEngine.UI,
      Version=1.0.0.0, Culture=neutral, PublicKeyToken=null
  m_Sprite: {fileID: 21300000, guid: 7ed1238760b863f4aafde32ab3a6f28c, type: 3}
  m_Type: 1
  m_PreserveAspect: 0
  m_FillCenter: 1
  m_FillMethod: 4
  m_FillAmount: 0.113
  m_FillClockwise: 1
  m_FillOrigin: 0
--- !u!222 &1753734856
CanvasRenderer:
  m_ObjectHideFlags: 0
  m_PrefabParentObject: {fileID: 22280818, guid: a1e487818cc6e6a45b2614a07765c50d,
    type: 2}
  m_PrefabInternal: {fileID: 1018091426}
  m_GameObject: {fileID: 1753734853}
--- !u!1 &1816065606
GameObject:
  m_ObjectHideFlags: 0
  m_PrefabParentObject: {fileID: 180828, guid: a1e487818cc6e6a45b2614a07765c50d, type: 2}
  m_PrefabInternal: {fileID: 1018091426}
  serializedVersion: 5
  m_Component:
  - component: {fileID: 1816065607}
  - component: {fileID: 1816065609}
  - component: {fileID: 1816065608}
  m_Layer: 5
  m_Name: Ball
  m_TagString: Untagged
  m_Icon: {fileID: 0}
  m_NavMeshLayer: 0
  m_StaticEditorFlags: 0
  m_IsActive: 1
--- !u!224 &1816065607
RectTransform:
  m_ObjectHideFlags: 0
  m_PrefabParentObject: {fileID: 22480828, guid: a1e487818cc6e6a45b2614a07765c50d,
    type: 2}
  m_PrefabInternal: {fileID: 1018091426}
  m_GameObject: {fileID: 1816065606}
  m_LocalRotation: {x: 0, y: 0, z: 0, w: 1}
  m_LocalPosition: {x: 111, y: 222, z: 0}
  m_LocalScale: {x: 1.3, y: 1.3, z: 1}
  m_Children: []
  m_Father: {fileID: 1327544733}
  m_RootOrder: 5
  m_LocalEulerAnglesHint: {x: 0, y: 0, z: 0}
  m_AnchorMin: {x: 0.5, y: 0.5}
  m_AnchorMax: {x: 0.5, y: 0.5}
  m_AnchoredPosition: {x: 111, y: 222}
  m_SizeDelta: {x: 25.1, y: 25.1}
  m_Pivot: {x: 0.5, y: 0.5}
--- !u!114 &1816065608
MonoBehaviour:
  m_ObjectHideFlags: 0
  m_PrefabParentObject: {fileID: 11480832, guid: a1e487818cc6e6a45b2614a07765c50d,
    type: 2}
  m_PrefabInternal: {fileID: 1018091426}
  m_GameObject: {fileID: 1816065606}
  m_Enabled: 1
  m_EditorHideFlags: 0
  m_Script: {fileID: -765806418, guid: f5f67c52d1564df4a8936ccd202a3bd8, type: 3}
  m_Name: 
  m_EditorClassIdentifier: 
  m_Material: {fileID: 0}
  m_Color: {r: 0.9529412, g: 0.2901961, b: 0.4117647, a: 1}
  m_RaycastTarget: 1
  m_OnCullStateChanged:
    m_PersistentCalls:
      m_Calls: []
    m_TypeName: UnityEngine.UI.MaskableGraphic+CullStateChangedEvent, UnityEngine.UI,
      Version=1.0.0.0, Culture=neutral, PublicKeyToken=null
  m_Sprite: {fileID: 21300000, guid: f04f7faa5cfd8444a9b61e426135725f, type: 3}
  m_Type: 0
  m_PreserveAspect: 0
  m_FillCenter: 1
  m_FillMethod: 4
  m_FillAmount: 0.113
  m_FillClockwise: 1
  m_FillOrigin: 0
--- !u!222 &1816065609
CanvasRenderer:
  m_ObjectHideFlags: 0
  m_PrefabParentObject: {fileID: 22280826, guid: a1e487818cc6e6a45b2614a07765c50d,
    type: 2}
  m_PrefabInternal: {fileID: 1018091426}
  m_GameObject: {fileID: 1816065606}
--- !u!1 &1848490482
GameObject:
  m_ObjectHideFlags: 0
  m_PrefabParentObject: {fileID: 180812, guid: a1e487818cc6e6a45b2614a07765c50d, type: 2}
  m_PrefabInternal: {fileID: 1018091426}
  serializedVersion: 5
  m_Component:
  - component: {fileID: 1848490483}
  - component: {fileID: 1848490485}
  - component: {fileID: 1848490484}
  m_Layer: 5
  m_Name: AppTitle
  m_TagString: Untagged
  m_Icon: {fileID: 0}
  m_NavMeshLayer: 0
  m_StaticEditorFlags: 0
  m_IsActive: 1
--- !u!224 &1848490483
RectTransform:
  m_ObjectHideFlags: 0
  m_PrefabParentObject: {fileID: 22480812, guid: a1e487818cc6e6a45b2614a07765c50d,
    type: 2}
  m_PrefabInternal: {fileID: 1018091426}
  m_GameObject: {fileID: 1848490482}
  m_LocalRotation: {x: 0, y: 0, z: 0, w: 1}
  m_LocalPosition: {x: 27.494995, y: 633, z: 0}
  m_LocalScale: {x: 1, y: 1, z: 1}
  m_Children:
  - {fileID: 303934038}
  m_Father: {fileID: 444593686}
  m_RootOrder: 0
  m_LocalEulerAnglesHint: {x: 0, y: 0, z: 0}
  m_AnchorMin: {x: 0.5, y: 0.5}
  m_AnchorMax: {x: 0.5, y: 0.5}
  m_AnchoredPosition: {x: 27.495, y: 633}
  m_SizeDelta: {x: 695, y: 109}
  m_Pivot: {x: 0.5, y: 0.5}
--- !u!114 &1848490484
MonoBehaviour:
  m_ObjectHideFlags: 0
  m_PrefabParentObject: {fileID: 11480812, guid: a1e487818cc6e6a45b2614a07765c50d,
    type: 2}
  m_PrefabInternal: {fileID: 1018091426}
  m_GameObject: {fileID: 1848490482}
  m_Enabled: 1
  m_EditorHideFlags: 0
  m_Script: {fileID: 708705254, guid: f5f67c52d1564df4a8936ccd202a3bd8, type: 3}
  m_Name: 
  m_EditorClassIdentifier: 
  m_Material: {fileID: 0}
  m_Color: {r: 0.85490197, g: 0.85490197, b: 0.85490197, a: 1}
  m_RaycastTarget: 1
  m_OnCullStateChanged:
    m_PersistentCalls:
      m_Calls: []
    m_TypeName: UnityEngine.UI.MaskableGraphic+CullStateChangedEvent, UnityEngine.UI,
      Version=1.0.0.0, Culture=neutral, PublicKeyToken=null
  m_FontData:
    m_Font: {fileID: 12800000, guid: 218956a5c2a6e42d6a60afccf80b002b, type: 3}
    m_FontSize: 102
    m_FontStyle: 0
    m_BestFit: 0
    m_MinSize: 10
    m_MaxSize: 102
    m_Alignment: 0
    m_AlignByGeometry: 0
    m_RichText: 1
    m_HorizontalOverflow: 0
    m_VerticalOverflow: 1
    m_LineSpacing: 1
  m_Text: GAME
--- !u!222 &1848490485
CanvasRenderer:
  m_ObjectHideFlags: 0
  m_PrefabParentObject: {fileID: 22280812, guid: a1e487818cc6e6a45b2614a07765c50d,
    type: 2}
  m_PrefabInternal: {fileID: 1018091426}
  m_GameObject: {fileID: 1848490482}
--- !u!1 &1878409943
GameObject:
  m_ObjectHideFlags: 0
  m_PrefabParentObject: {fileID: 180818, guid: a1e487818cc6e6a45b2614a07765c50d, type: 2}
  m_PrefabInternal: {fileID: 1018091426}
  serializedVersion: 5
  m_Component:
  - component: {fileID: 1878409944}
  - component: {fileID: 1878409946}
  - component: {fileID: 1878409945}
  m_Layer: 5
  m_Name: Player_1
  m_TagString: Untagged
  m_Icon: {fileID: 0}
  m_NavMeshLayer: 0
  m_StaticEditorFlags: 0
  m_IsActive: 1
--- !u!224 &1878409944
RectTransform:
  m_ObjectHideFlags: 0
  m_PrefabParentObject: {fileID: 22480818, guid: a1e487818cc6e6a45b2614a07765c50d,
    type: 2}
  m_PrefabInternal: {fileID: 1018091426}
  m_GameObject: {fileID: 1878409943}
  m_LocalRotation: {x: 0, y: 0, z: 0, w: 1}
  m_LocalPosition: {x: 144, y: 529, z: 0}
  m_LocalScale: {x: 1.3, y: 1.3, z: 1}
  m_Children: []
  m_Father: {fileID: 1327544733}
  m_RootOrder: 2
  m_LocalEulerAnglesHint: {x: 0, y: 0, z: 0}
  m_AnchorMin: {x: 0.5, y: 0.5}
  m_AnchorMax: {x: 0.5, y: 0.5}
  m_AnchoredPosition: {x: 144, y: 529}
  m_SizeDelta: {x: 136, y: 24}
  m_Pivot: {x: 0.5, y: 0.5}
--- !u!114 &1878409945
MonoBehaviour:
  m_ObjectHideFlags: 0
  m_PrefabParentObject: {fileID: 11480820, guid: a1e487818cc6e6a45b2614a07765c50d,
    type: 2}
  m_PrefabInternal: {fileID: 1018091426}
  m_GameObject: {fileID: 1878409943}
  m_Enabled: 1
  m_EditorHideFlags: 0
  m_Script: {fileID: -765806418, guid: f5f67c52d1564df4a8936ccd202a3bd8, type: 3}
  m_Name: 
  m_EditorClassIdentifier: 
  m_Material: {fileID: 0}
  m_Color: {r: 0.8784314, g: 0.84705883, b: 0.80784315, a: 1}
  m_RaycastTarget: 1
  m_OnCullStateChanged:
    m_PersistentCalls:
      m_Calls: []
    m_TypeName: UnityEngine.UI.MaskableGraphic+CullStateChangedEvent, UnityEngine.UI,
      Version=1.0.0.0, Culture=neutral, PublicKeyToken=null
  m_Sprite: {fileID: 21300000, guid: 7ed1238760b863f4aafde32ab3a6f28c, type: 3}
  m_Type: 1
  m_PreserveAspect: 0
  m_FillCenter: 1
  m_FillMethod: 4
  m_FillAmount: 0.113
  m_FillClockwise: 1
  m_FillOrigin: 0
--- !u!222 &1878409946
CanvasRenderer:
  m_ObjectHideFlags: 0
  m_PrefabParentObject: {fileID: 22280816, guid: a1e487818cc6e6a45b2614a07765c50d,
    type: 2}
  m_PrefabInternal: {fileID: 1018091426}
  m_GameObject: {fileID: 1878409943}
--- !u!1 &1952515497
GameObject:
  m_ObjectHideFlags: 0
  m_PrefabParentObject: {fileID: 180826, guid: a1e487818cc6e6a45b2614a07765c50d, type: 2}
  m_PrefabInternal: {fileID: 1018091426}
  serializedVersion: 5
  m_Component:
  - component: {fileID: 1952515498}
  - component: {fileID: 1952515500}
  - component: {fileID: 1952515499}
  m_Layer: 5
  m_Name: InfoText
  m_TagString: Untagged
  m_Icon: {fileID: 0}
  m_NavMeshLayer: 0
  m_StaticEditorFlags: 0
  m_IsActive: 1
--- !u!224 &1952515498
RectTransform:
  m_ObjectHideFlags: 0
  m_PrefabParentObject: {fileID: 22480826, guid: a1e487818cc6e6a45b2614a07765c50d,
    type: 2}
  m_PrefabInternal: {fileID: 1018091426}
  m_GameObject: {fileID: 1952515497}
  m_LocalRotation: {x: 0, y: 0, z: 0.7071068, w: 0.7071068}
  m_LocalPosition: {x: -229, y: 113, z: 0}
  m_LocalScale: {x: 0.8, y: 0.8, z: 1}
  m_Children: []
  m_Father: {fileID: 1327544733}
  m_RootOrder: 1
  m_LocalEulerAnglesHint: {x: 0, y: 0, z: 0}
  m_AnchorMin: {x: 0.5, y: 0.5}
  m_AnchorMax: {x: 0.5, y: 0.5}
  m_AnchoredPosition: {x: -229, y: 113}
  m_SizeDelta: {x: 292, y: 300}
  m_Pivot: {x: 0.5, y: 0.5}
--- !u!114 &1952515499
MonoBehaviour:
  m_ObjectHideFlags: 0
  m_PrefabParentObject: {fileID: 11480830, guid: a1e487818cc6e6a45b2614a07765c50d,
    type: 2}
  m_PrefabInternal: {fileID: 1018091426}
  m_GameObject: {fileID: 1952515497}
  m_Enabled: 1
  m_EditorHideFlags: 0
  m_Script: {fileID: 708705254, guid: f5f67c52d1564df4a8936ccd202a3bd8, type: 3}
  m_Name: 
  m_EditorClassIdentifier: 
  m_Material: {fileID: 0}
  m_Color: {r: 0.94509804, g: 0.9254902, b: 0.8745098, a: 1}
  m_RaycastTarget: 1
  m_OnCullStateChanged:
    m_PersistentCalls:
      m_Calls: []
    m_TypeName: UnityEngine.UI.MaskableGraphic+CullStateChangedEvent, UnityEngine.UI,
      Version=1.0.0.0, Culture=neutral, PublicKeyToken=null
  m_FontData:
    m_Font: {fileID: 12800000, guid: 7dfc2e1472ac84e1bb749a8a9f934483, type: 3}
    m_FontSize: 151
    m_FontStyle: 0
    m_BestFit: 0
    m_MinSize: 10
    m_MaxSize: 151
    m_Alignment: 4
    m_AlignByGeometry: 0
    m_RichText: 1
    m_HorizontalOverflow: 0
    m_VerticalOverflow: 0
    m_LineSpacing: 1
  m_Text: 3
--- !u!222 &1952515500
CanvasRenderer:
  m_ObjectHideFlags: 0
  m_PrefabParentObject: {fileID: 22280824, guid: a1e487818cc6e6a45b2614a07765c50d,
    type: 2}
  m_PrefabInternal: {fileID: 1018091426}
  m_GameObject: {fileID: 1952515497}
