%YAML 1.1
%TAG !u! tag:unity3d.com,2011:
--- !u!29 &1
OcclusionCullingSettings:
  m_ObjectHideFlags: 0
  serializedVersion: 2
  m_OcclusionBakeSettings:
    smallestOccluder: 5
    smallestHole: 0.25
    backfaceThreshold: 100
  m_SceneGUID: 00000000000000000000000000000000
  m_OcclusionCullingData: {fileID: 0}
--- !u!104 &2
RenderSettings:
  m_ObjectHideFlags: 0
  serializedVersion: 8
  m_Fog: 0
  m_FogColor: {r: 0.5, g: 0.5, b: 0.5, a: 1}
  m_FogMode: 3
  m_FogDensity: 0.01
  m_LinearFogStart: 0
  m_LinearFogEnd: 300
  m_AmbientSkyColor: {r: 0.212, g: 0.227, b: 0.259, a: 1}
  m_AmbientEquatorColor: {r: 0.114, g: 0.125, b: 0.133, a: 1}
  m_AmbientGroundColor: {r: 0.047, g: 0.043, b: 0.035, a: 1}
  m_AmbientIntensity: 1
  m_AmbientMode: 0
  m_SubtractiveShadowColor: {r: 0.42, g: 0.478, b: 0.627, a: 1}
  m_SkyboxMaterial: {fileID: 10304, guid: 0000000000000000f000000000000000, type: 0}
  m_HaloStrength: 0.5
  m_FlareStrength: 1
  m_FlareFadeSpeed: 3
  m_HaloTexture: {fileID: 0}
  m_SpotCookie: {fileID: 10001, guid: 0000000000000000e000000000000000, type: 0}
  m_DefaultReflectionMode: 0
  m_DefaultReflectionResolution: 128
  m_ReflectionBounces: 1
  m_ReflectionIntensity: 1
  m_CustomReflection: {fileID: 0}
  m_Sun: {fileID: 0}
  m_IndirectSpecularColor: {r: 0, g: 0, b: 0, a: 1}
--- !u!157 &4
LightmapSettings:
  m_ObjectHideFlags: 0
  serializedVersion: 11
  m_GIWorkflowMode: 0
  m_GISettings:
    serializedVersion: 2
    m_BounceScale: 1
    m_IndirectOutputScale: 1
    m_AlbedoBoost: 1
    m_TemporalCoherenceThreshold: 1
    m_EnvironmentLightingMode: 0
    m_EnableBakedLightmaps: 1
    m_EnableRealtimeLightmaps: 1
  m_LightmapEditorSettings:
    serializedVersion: 9
    m_Resolution: 2
    m_BakeResolution: 40
    m_TextureWidth: 1024
    m_TextureHeight: 1024
    m_AO: 0
    m_AOMaxDistance: 1
    m_CompAOExponent: 0
    m_CompAOExponentDirect: 0
    m_Padding: 2
    m_LightmapParameters: {fileID: 0}
    m_LightmapsBakeMode: 1
    m_TextureCompression: 1
    m_FinalGather: 0
    m_FinalGatherFiltering: 1
    m_FinalGatherRayCount: 1024
    m_ReflectionCompression: 2
    m_MixedBakeMode: 1
    m_BakeBackend: 0
    m_PVRSampling: 1
    m_PVRDirectSampleCount: 32
    m_PVRSampleCount: 500
    m_PVRBounces: 2
    m_PVRFilterTypeDirect: 0
    m_PVRFilterTypeIndirect: 0
    m_PVRFilterTypeAO: 0
    m_PVRFilteringMode: 0
    m_PVRCulling: 1
    m_PVRFilteringGaussRadiusDirect: 1
    m_PVRFilteringGaussRadiusIndirect: 5
    m_PVRFilteringGaussRadiusAO: 2
    m_PVRFilteringAtrousPositionSigmaDirect: 0.5
    m_PVRFilteringAtrousPositionSigmaIndirect: 2
    m_PVRFilteringAtrousPositionSigmaAO: 1
  m_LightingDataAsset: {fileID: 0}
  m_UseShadowmask: 0
--- !u!196 &5
NavMeshSettings:
  serializedVersion: 2
  m_ObjectHideFlags: 0
  m_BuildSettings:
    serializedVersion: 2
    agentTypeID: 0
    agentRadius: 0.5
    agentHeight: 2
    agentSlope: 45
    agentClimb: 0.4
    ledgeDropHeight: 0
    maxJumpAcrossDistance: 0
    minRegionArea: 2
    manualCellSize: 0
    cellSize: 0.16666667
    manualTileSize: 0
    tileSize: 256
    accuratePlacement: 0
    debug:
      m_Flags: 0
  m_NavMeshData: {fileID: 0}
--- !u!1 &37040762
GameObject:
  m_ObjectHideFlags: 0
  m_PrefabParentObject: {fileID: 158768, guid: f21e76e419570ee40bbe28f9d3139291, type: 2}
  m_PrefabInternal: {fileID: 1697731274}
  serializedVersion: 5
  m_Component:
  - component: {fileID: 37040763}
  - component: {fileID: 37040765}
  - component: {fileID: 37040764}
  m_Layer: 5
  m_Name: MapElements
  m_TagString: Untagged
  m_Icon: {fileID: 0}
  m_NavMeshLayer: 0
  m_StaticEditorFlags: 0
  m_IsActive: 1
--- !u!224 &37040763
RectTransform:
  m_ObjectHideFlags: 0
  m_PrefabParentObject: {fileID: 22458768, guid: f21e76e419570ee40bbe28f9d3139291,
    type: 2}
  m_PrefabInternal: {fileID: 1697731274}
  m_GameObject: {fileID: 37040762}
  m_LocalRotation: {x: 0, y: 0, z: 0.7071068, w: 0.7071068}
  m_LocalPosition: {x: -237, y: -111, z: 0}
  m_LocalScale: {x: 1, y: 1, z: 1}
  m_Children: []
  m_Father: {fileID: 1582173947}
  m_RootOrder: 12
  m_LocalEulerAnglesHint: {x: 0, y: 0, z: 0}
  m_AnchorMin: {x: 0.5, y: 0.5}
  m_AnchorMax: {x: 0.5, y: 0.5}
  m_AnchoredPosition: {x: -237, y: -111}
  m_SizeDelta: {x: 66, y: 171}
  m_Pivot: {x: 0.5, y: 0.5}
--- !u!114 &37040764
MonoBehaviour:
  m_ObjectHideFlags: 0
  m_PrefabParentObject: {fileID: 11458770, guid: f21e76e419570ee40bbe28f9d3139291,
    type: 2}
  m_PrefabInternal: {fileID: 1697731274}
  m_GameObject: {fileID: 37040762}
  m_Enabled: 1
  m_EditorHideFlags: 0
  m_Script: {fileID: -765806418, guid: f5f67c52d1564df4a8936ccd202a3bd8, type: 3}
  m_Name: 
  m_EditorClassIdentifier: 
  m_Material: {fileID: 0}
  m_Color: {r: 0.9411765, g: 0.8901961, b: 0.7607843, a: 1}
  m_RaycastTarget: 1
  m_OnCullStateChanged:
    m_PersistentCalls:
      m_Calls: []
    m_TypeName: UnityEngine.UI.MaskableGraphic+CullStateChangedEvent, UnityEngine.UI,
      Version=1.0.0.0, Culture=neutral, PublicKeyToken=null
  m_Sprite: {fileID: 21300000, guid: 03d91e2b43b1b1d40aea45bc361c240b, type: 3}
  m_Type: 0
  m_PreserveAspect: 0
  m_FillCenter: 1
  m_FillMethod: 4
  m_FillAmount: 1
  m_FillClockwise: 1
  m_FillOrigin: 0
--- !u!222 &37040765
CanvasRenderer:
  m_ObjectHideFlags: 0
  m_PrefabParentObject: {fileID: 22258768, guid: f21e76e419570ee40bbe28f9d3139291,
    type: 2}
  m_PrefabInternal: {fileID: 1697731274}
  m_GameObject: {fileID: 37040762}
--- !u!1 &93140251
GameObject:
  m_ObjectHideFlags: 0
  m_PrefabParentObject: {fileID: 158812, guid: f21e76e419570ee40bbe28f9d3139291, type: 2}
  m_PrefabInternal: {fileID: 1697731274}
  serializedVersion: 5
  m_Component:
  - component: {fileID: 93140252}
  - component: {fileID: 93140254}
  - component: {fileID: 93140253}
  m_Layer: 5
  m_Name: MapElements
  m_TagString: Untagged
  m_Icon: {fileID: 0}
  m_NavMeshLayer: 0
  m_StaticEditorFlags: 0
  m_IsActive: 1
--- !u!224 &93140252
RectTransform:
  m_ObjectHideFlags: 0
  m_PrefabParentObject: {fileID: 22458812, guid: f21e76e419570ee40bbe28f9d3139291,
    type: 2}
  m_PrefabInternal: {fileID: 1697731274}
  m_GameObject: {fileID: 93140251}
  m_LocalRotation: {x: 0, y: 0, z: 0, w: 1}
  m_LocalPosition: {x: 51.5, y: 548, z: 0}
  m_LocalScale: {x: 1, y: 1, z: 1}
  m_Children: []
  m_Father: {fileID: 1582173947}
  m_RootOrder: 9
  m_LocalEulerAnglesHint: {x: 0, y: 0, z: 0}
  m_AnchorMin: {x: 0.5, y: 0.5}
  m_AnchorMax: {x: 0.5, y: 0.5}
  m_AnchoredPosition: {x: 51.5, y: 548}
  m_SizeDelta: {x: 103, y: 40}
  m_Pivot: {x: 0.5, y: 0.5}
--- !u!114 &93140253
MonoBehaviour:
  m_ObjectHideFlags: 0
  m_PrefabParentObject: {fileID: 11458818, guid: f21e76e419570ee40bbe28f9d3139291,
    type: 2}
  m_PrefabInternal: {fileID: 1697731274}
  m_GameObject: {fileID: 93140251}
  m_Enabled: 1
  m_EditorHideFlags: 0
  m_Script: {fileID: -765806418, guid: f5f67c52d1564df4a8936ccd202a3bd8, type: 3}
  m_Name: 
  m_EditorClassIdentifier: 
  m_Material: {fileID: 0}
  m_Color: {r: 0.9411765, g: 0.8901961, b: 0.7607843, a: 1}
  m_RaycastTarget: 1
  m_OnCullStateChanged:
    m_PersistentCalls:
      m_Calls: []
    m_TypeName: UnityEngine.UI.MaskableGraphic+CullStateChangedEvent, UnityEngine.UI,
      Version=1.0.0.0, Culture=neutral, PublicKeyToken=null
  m_Sprite: {fileID: 21300000, guid: 7ed1238760b863f4aafde32ab3a6f28c, type: 3}
  m_Type: 1
  m_PreserveAspect: 0
  m_FillCenter: 1
  m_FillMethod: 4
  m_FillAmount: 1
  m_FillClockwise: 1
  m_FillOrigin: 0
--- !u!222 &93140254
CanvasRenderer:
  m_ObjectHideFlags: 0
  m_PrefabParentObject: {fileID: 22258810, guid: f21e76e419570ee40bbe28f9d3139291,
    type: 2}
  m_PrefabInternal: {fileID: 1697731274}
  m_GameObject: {fileID: 93140251}
--- !u!1 &96771836
GameObject:
  m_ObjectHideFlags: 0
  m_PrefabParentObject: {fileID: 158782, guid: f21e76e419570ee40bbe28f9d3139291, type: 2}
  m_PrefabInternal: {fileID: 1697731274}
  serializedVersion: 5
  m_Component:
  - component: {fileID: 96771837}
  - component: {fileID: 96771839}
  - component: {fileID: 96771838}
  m_Layer: 5
  m_Name: Image
  m_TagString: Untagged
  m_Icon: {fileID: 0}
  m_NavMeshLayer: 0
  m_StaticEditorFlags: 0
  m_IsActive: 1
--- !u!224 &96771837
RectTransform:
  m_ObjectHideFlags: 0
  m_PrefabParentObject: {fileID: 22458782, guid: f21e76e419570ee40bbe28f9d3139291,
    type: 2}
  m_PrefabInternal: {fileID: 1697731274}
  m_GameObject: {fileID: 96771836}
  m_LocalRotation: {x: 0, y: 0, z: 0, w: 1}
  m_LocalPosition: {x: -60.299995, y: 0, z: 0}
  m_LocalScale: {x: 1, y: 1, z: 1}
  m_Children: []
  m_Father: {fileID: 476220712}
  m_RootOrder: 0
  m_LocalEulerAnglesHint: {x: 0, y: 0, z: 0}
  m_AnchorMin: {x: 0.5, y: 0.5}
  m_AnchorMax: {x: 0.5, y: 0.5}
  m_AnchoredPosition: {x: -60.3, y: 0}
  m_SizeDelta: {x: 37.3, y: 2}
  m_Pivot: {x: 0.5, y: 0.5}
--- !u!114 &96771838
MonoBehaviour:
  m_ObjectHideFlags: 0
  m_PrefabParentObject: {fileID: 11458786, guid: f21e76e419570ee40bbe28f9d3139291,
    type: 2}
  m_PrefabInternal: {fileID: 1697731274}
  m_GameObject: {fileID: 96771836}
  m_Enabled: 1
  m_EditorHideFlags: 0
  m_Script: {fileID: -765806418, guid: f5f67c52d1564df4a8936ccd202a3bd8, type: 3}
  m_Name: 
  m_EditorClassIdentifier: 
  m_Material: {fileID: 0}
  m_Color: {r: 0.9372549, g: 0.8862745, b: 0.75686276, a: 1}
  m_RaycastTarget: 1
  m_OnCullStateChanged:
    m_PersistentCalls:
      m_Calls: []
    m_TypeName: UnityEngine.UI.MaskableGraphic+CullStateChangedEvent, UnityEngine.UI,
      Version=1.0.0.0, Culture=neutral, PublicKeyToken=null
  m_Sprite: {fileID: 21300000, guid: 7ed1238760b863f4aafde32ab3a6f28c, type: 3}
  m_Type: 1
  m_PreserveAspect: 0
  m_FillCenter: 1
  m_FillMethod: 4
  m_FillAmount: 1
  m_FillClockwise: 1
  m_FillOrigin: 0
--- !u!222 &96771839
CanvasRenderer:
  m_ObjectHideFlags: 0
  m_PrefabParentObject: {fileID: 22258782, guid: f21e76e419570ee40bbe28f9d3139291,
    type: 2}
  m_PrefabInternal: {fileID: 1697731274}
  m_GameObject: {fileID: 96771836}
--- !u!1 &109728548
GameObject:
  m_ObjectHideFlags: 0
  m_PrefabParentObject: {fileID: 158810, guid: f21e76e419570ee40bbe28f9d3139291, type: 2}
  m_PrefabInternal: {fileID: 1697731274}
  serializedVersion: 5
  m_Component:
  - component: {fileID: 109728549}
  - component: {fileID: 109728551}
  - component: {fileID: 109728550}
  m_Layer: 5
  m_Name: MapElements
  m_TagString: Untagged
  m_Icon: {fileID: 0}
  m_NavMeshLayer: 0
  m_StaticEditorFlags: 0
  m_IsActive: 1
--- !u!224 &109728549
RectTransform:
  m_ObjectHideFlags: 0
  m_PrefabParentObject: {fileID: 22458810, guid: f21e76e419570ee40bbe28f9d3139291,
    type: 2}
  m_PrefabInternal: {fileID: 1697731274}
  m_GameObject: {fileID: 109728548}
  m_LocalRotation: {x: 0, y: 0, z: 0, w: 1}
  m_LocalPosition: {x: 42, y: 126, z: 0}
  m_LocalScale: {x: 1, y: 1, z: 1}
  m_Children: []
  m_Father: {fileID: 1582173947}
  m_RootOrder: 7
  m_LocalEulerAnglesHint: {x: 0, y: 0, z: 0}
  m_AnchorMin: {x: 0.5, y: 0.5}
  m_AnchorMax: {x: 0.5, y: 0.5}
  m_AnchoredPosition: {x: 42, y: 126}
  m_SizeDelta: {x: 74, y: 40}
  m_Pivot: {x: 0.5, y: 0.5}
--- !u!114 &109728550
MonoBehaviour:
  m_ObjectHideFlags: 0
  m_PrefabParentObject: {fileID: 11458816, guid: f21e76e419570ee40bbe28f9d3139291,
    type: 2}
  m_PrefabInternal: {fileID: 1697731274}
  m_GameObject: {fileID: 109728548}
  m_Enabled: 1
  m_EditorHideFlags: 0
  m_Script: {fileID: -765806418, guid: f5f67c52d1564df4a8936ccd202a3bd8, type: 3}
  m_Name: 
  m_EditorClassIdentifier: 
  m_Material: {fileID: 0}
  m_Color: {r: 0.9411765, g: 0.8901961, b: 0.7607843, a: 1}
  m_RaycastTarget: 1
  m_OnCullStateChanged:
    m_PersistentCalls:
      m_Calls: []
    m_TypeName: UnityEngine.UI.MaskableGraphic+CullStateChangedEvent, UnityEngine.UI,
      Version=1.0.0.0, Culture=neutral, PublicKeyToken=null
  m_Sprite: {fileID: 21300000, guid: 7ed1238760b863f4aafde32ab3a6f28c, type: 3}
  m_Type: 1
  m_PreserveAspect: 0
  m_FillCenter: 1
  m_FillMethod: 4
  m_FillAmount: 1
  m_FillClockwise: 1
  m_FillOrigin: 0
--- !u!222 &109728551
CanvasRenderer:
  m_ObjectHideFlags: 0
  m_PrefabParentObject: {fileID: 22258808, guid: f21e76e419570ee40bbe28f9d3139291,
    type: 2}
  m_PrefabInternal: {fileID: 1697731274}
  m_GameObject: {fileID: 109728548}
--- !u!1 &307294338
GameObject:
  m_ObjectHideFlags: 0
  m_PrefabParentObject: {fileID: 158798, guid: f21e76e419570ee40bbe28f9d3139291, type: 2}
  m_PrefabInternal: {fileID: 1697731274}
  serializedVersion: 5
  m_Component:
  - component: {fileID: 307294339}
  - component: {fileID: 307294341}
  - component: {fileID: 307294340}
  m_Layer: 5
  m_Name: MapElements
  m_TagString: Untagged
  m_Icon: {fileID: 0}
  m_NavMeshLayer: 0
  m_StaticEditorFlags: 0
  m_IsActive: 1
--- !u!224 &307294339
RectTransform:
  m_ObjectHideFlags: 0
  m_PrefabParentObject: {fileID: 22458798, guid: f21e76e419570ee40bbe28f9d3139291,
    type: 2}
  m_PrefabInternal: {fileID: 1697731274}
  m_GameObject: {fileID: 307294338}
  m_LocalRotation: {x: 0, y: 0, z: 0, w: 1}
  m_LocalPosition: {x: 0, y: 0, z: 0}
  m_LocalScale: {x: 1, y: 1, z: 1}
  m_Children: []
  m_Father: {fileID: 1582173947}
  m_RootOrder: 2
  m_LocalEulerAnglesHint: {x: 0, y: 0, z: 0}
  m_AnchorMin: {x: 0.5, y: 0.5}
  m_AnchorMax: {x: 0.5, y: 0.5}
  m_AnchoredPosition: {x: 0, y: 0}
  m_SizeDelta: {x: 10, y: 1136}
  m_Pivot: {x: 0.5, y: 0.5}
--- !u!114 &307294340
MonoBehaviour:
  m_ObjectHideFlags: 0
  m_PrefabParentObject: {fileID: 11458802, guid: f21e76e419570ee40bbe28f9d3139291,
    type: 2}
  m_PrefabInternal: {fileID: 1697731274}
  m_GameObject: {fileID: 307294338}
  m_Enabled: 1
  m_EditorHideFlags: 0
  m_Script: {fileID: -765806418, guid: f5f67c52d1564df4a8936ccd202a3bd8, type: 3}
  m_Name: 
  m_EditorClassIdentifier: 
  m_Material: {fileID: 0}
  m_Color: {r: 0.9372549, g: 0.8862745, b: 0.75686276, a: 1}
  m_RaycastTarget: 1
  m_OnCullStateChanged:
    m_PersistentCalls:
      m_Calls: []
    m_TypeName: UnityEngine.UI.MaskableGraphic+CullStateChangedEvent, UnityEngine.UI,
      Version=1.0.0.0, Culture=neutral, PublicKeyToken=null
  m_Sprite: {fileID: 21300000, guid: 7ed1238760b863f4aafde32ab3a6f28c, type: 3}
  m_Type: 1
  m_PreserveAspect: 0
  m_FillCenter: 1
  m_FillMethod: 4
  m_FillAmount: 1
  m_FillClockwise: 1
  m_FillOrigin: 0
--- !u!222 &307294341
CanvasRenderer:
  m_ObjectHideFlags: 0
  m_PrefabParentObject: {fileID: 22258798, guid: f21e76e419570ee40bbe28f9d3139291,
    type: 2}
  m_PrefabInternal: {fileID: 1697731274}
  m_GameObject: {fileID: 307294338}
--- !u!1 &414748189
GameObject:
  m_ObjectHideFlags: 0
  m_PrefabParentObject: {fileID: 158762, guid: f21e76e419570ee40bbe28f9d3139291, type: 2}
  m_PrefabInternal: {fileID: 1697731274}
  serializedVersion: 5
  m_Component:
  - component: {fileID: 414748190}
  - component: {fileID: 414748192}
  - component: {fileID: 414748191}
  m_Layer: 5
  m_Name: PlayerBlocks
  m_TagString: Untagged
  m_Icon: {fileID: 0}
  m_NavMeshLayer: 0
  m_StaticEditorFlags: 0
  m_IsActive: 1
--- !u!224 &414748190
RectTransform:
  m_ObjectHideFlags: 0
  m_PrefabParentObject: {fileID: 22458762, guid: f21e76e419570ee40bbe28f9d3139291,
    type: 2}
  m_PrefabInternal: {fileID: 1697731274}
  m_GameObject: {fileID: 414748189}
  m_LocalRotation: {x: 0, y: 0, z: 0, w: 1}
  m_LocalPosition: {x: 112, y: -405, z: 0}
  m_LocalScale: {x: 1, y: 1, z: 1}
  m_Children: []
  m_Father: {fileID: 1582173947}
  m_RootOrder: 18
  m_LocalEulerAnglesHint: {x: 0, y: 0, z: 0}
  m_AnchorMin: {x: 0.5, y: 0.5}
  m_AnchorMax: {x: 0.5, y: 0.5}
  m_AnchoredPosition: {x: 112, y: -405}
  m_SizeDelta: {x: 40, y: 40}
  m_Pivot: {x: 0.5, y: 0.5}
--- !u!114 &414748191
MonoBehaviour:
  m_ObjectHideFlags: 0
  m_PrefabParentObject: {fileID: 11458762, guid: f21e76e419570ee40bbe28f9d3139291,
    type: 2}
  m_PrefabInternal: {fileID: 1697731274}
  m_GameObject: {fileID: 414748189}
  m_Enabled: 1
  m_EditorHideFlags: 0
  m_Script: {fileID: -765806418, guid: f5f67c52d1564df4a8936ccd202a3bd8, type: 3}
  m_Name: 
  m_EditorClassIdentifier: 
  m_Material: {fileID: 0}
  m_Color: {r: 0, g: 0.8627451, b: 0.38431373, a: 1}
  m_RaycastTarget: 1
  m_OnCullStateChanged:
    m_PersistentCalls:
      m_Calls: []
    m_TypeName: UnityEngine.UI.MaskableGraphic+CullStateChangedEvent, UnityEngine.UI,
      Version=1.0.0.0, Culture=neutral, PublicKeyToken=null
  m_Sprite: {fileID: 21300000, guid: 7ed1238760b863f4aafde32ab3a6f28c, type: 3}
  m_Type: 1
  m_PreserveAspect: 0
  m_FillCenter: 1
  m_FillMethod: 4
  m_FillAmount: 1
  m_FillClockwise: 1
  m_FillOrigin: 0
--- !u!222 &414748192
CanvasRenderer:
  m_ObjectHideFlags: 0
  m_PrefabParentObject: {fileID: 22258762, guid: f21e76e419570ee40bbe28f9d3139291,
    type: 2}
  m_PrefabInternal: {fileID: 1697731274}
  m_GameObject: {fileID: 414748189}
--- !u!1 &476220711
GameObject:
  m_ObjectHideFlags: 0
  m_PrefabParentObject: {fileID: 158770, guid: f21e76e419570ee40bbe28f9d3139291, type: 2}
  m_PrefabInternal: {fileID: 1697731274}
  serializedVersion: 5
  m_Component:
  - component: {fileID: 476220712}
  - component: {fileID: 476220714}
  - component: {fileID: 476220713}
  m_Layer: 5
  m_Name: Text
  m_TagString: Untagged
  m_Icon: {fileID: 0}
  m_NavMeshLayer: 0
  m_StaticEditorFlags: 0
  m_IsActive: 1
--- !u!224 &476220712
RectTransform:
  m_ObjectHideFlags: 0
  m_PrefabParentObject: {fileID: 22458770, guid: f21e76e419570ee40bbe28f9d3139291,
    type: 2}
  m_PrefabInternal: {fileID: 1697731274}
  m_GameObject: {fileID: 476220711}
  m_LocalRotation: {x: 0, y: 0, z: 0, w: 1}
  m_LocalPosition: {x: -245.4, y: 445.6, z: 0}
  m_LocalScale: {x: 1, y: 1, z: 1}
  m_Children:
  - {fileID: 96771837}
  m_Father: {fileID: 1582173947}
  m_RootOrder: 1
  m_LocalEulerAnglesHint: {x: 0, y: 0, z: 0}
  m_AnchorMin: {x: 0.5, y: 0.5}
  m_AnchorMax: {x: 0.5, y: 0.5}
  m_AnchoredPosition: {x: -245.4, y: 445.6}
  m_SizeDelta: {x: 126.8, y: 40}
  m_Pivot: {x: 0.5, y: 0.5}
--- !u!114 &476220713
MonoBehaviour:
  m_ObjectHideFlags: 0
  m_PrefabParentObject: {fileID: 11458772, guid: f21e76e419570ee40bbe28f9d3139291,
    type: 2}
  m_PrefabInternal: {fileID: 1697731274}
  m_GameObject: {fileID: 476220711}
  m_Enabled: 1
  m_EditorHideFlags: 0
  m_Script: {fileID: 708705254, guid: f5f67c52d1564df4a8936ccd202a3bd8, type: 3}
  m_Name: 
  m_EditorClassIdentifier: 
  m_Material: {fileID: 0}
  m_Color: {r: 0.9372549, g: 0.8862745, b: 0.75686276, a: 1}
  m_RaycastTarget: 1
  m_OnCullStateChanged:
    m_PersistentCalls:
      m_Calls: []
    m_TypeName: UnityEngine.UI.MaskableGraphic+CullStateChangedEvent, UnityEngine.UI,
      Version=1.0.0.0, Culture=neutral, PublicKeyToken=null
  m_FontData:
    m_Font: {fileID: 12800000, guid: 218956a5c2a6e42d6a60afccf80b002b, type: 3}
    m_FontSize: 25
    m_FontStyle: 0
    m_BestFit: 0
    m_MinSize: 10
    m_MaxSize: 40
    m_Alignment: 4
    m_AlignByGeometry: 0
    m_RichText: 1
    m_HorizontalOverflow: 0
    m_VerticalOverflow: 0
    m_LineSpacing: 1
  m_Text: 200m
--- !u!222 &476220714
CanvasRenderer:
  m_ObjectHideFlags: 0
  m_PrefabParentObject: {fileID: 22258770, guid: f21e76e419570ee40bbe28f9d3139291,
    type: 2}
  m_PrefabInternal: {fileID: 1697731274}
  m_GameObject: {fileID: 476220711}
--- !u!1 &511817326
GameObject:
  m_ObjectHideFlags: 0
  m_PrefabParentObject: {fileID: 158766, guid: f21e76e419570ee40bbe28f9d3139291, type: 2}
  m_PrefabInternal: {fileID: 1697731274}
  serializedVersion: 5
  m_Component:
  - component: {fileID: 511817327}
  - component: {fileID: 511817329}
  - component: {fileID: 511817328}
  m_Layer: 5
  m_Name: MapElements
  m_TagString: Untagged
  m_Icon: {fileID: 0}
  m_NavMeshLayer: 0
  m_StaticEditorFlags: 0
  m_IsActive: 1
--- !u!224 &511817327
RectTransform:
  m_ObjectHideFlags: 0
  m_PrefabParentObject: {fileID: 22458766, guid: f21e76e419570ee40bbe28f9d3139291,
    type: 2}
  m_PrefabInternal: {fileID: 1697731274}
  m_GameObject: {fileID: 511817326}
  m_LocalRotation: {x: 0, y: 0, z: 0, w: 1}
  m_LocalPosition: {x: 269, y: 405.6, z: 0}
  m_LocalScale: {x: 1, y: 1, z: 1}
  m_Children: []
  m_Father: {fileID: 1582173947}
  m_RootOrder: 14
  m_LocalEulerAnglesHint: {x: 0, y: 0, z: 0}
  m_AnchorMin: {x: 0.5, y: 0.5}
  m_AnchorMax: {x: 0.5, y: 0.5}
  m_AnchoredPosition: {x: 269, y: 405.6}
  m_SizeDelta: {x: 167, y: 40}
  m_Pivot: {x: 0.5, y: 0.5}
--- !u!114 &511817328
MonoBehaviour:
  m_ObjectHideFlags: 0
  m_PrefabParentObject: {fileID: 11458768, guid: f21e76e419570ee40bbe28f9d3139291,
    type: 2}
  m_PrefabInternal: {fileID: 1697731274}
  m_GameObject: {fileID: 511817326}
  m_Enabled: 1
  m_EditorHideFlags: 0
  m_Script: {fileID: -765806418, guid: f5f67c52d1564df4a8936ccd202a3bd8, type: 3}
  m_Name: 
  m_EditorClassIdentifier: 
  m_Material: {fileID: 0}
  m_Color: {r: 0.9411765, g: 0.8901961, b: 0.7607843, a: 1}
  m_RaycastTarget: 1
  m_OnCullStateChanged:
    m_PersistentCalls:
      m_Calls: []
    m_TypeName: UnityEngine.UI.MaskableGraphic+CullStateChangedEvent, UnityEngine.UI,
      Version=1.0.0.0, Culture=neutral, PublicKeyToken=null
  m_Sprite: {fileID: 21300000, guid: 7ed1238760b863f4aafde32ab3a6f28c, type: 3}
  m_Type: 1
  m_PreserveAspect: 0
  m_FillCenter: 1
  m_FillMethod: 4
  m_FillAmount: 1
  m_FillClockwise: 1
  m_FillOrigin: 0
--- !u!222 &511817329
CanvasRenderer:
  m_ObjectHideFlags: 0
  m_PrefabParentObject: {fileID: 22258766, guid: f21e76e419570ee40bbe28f9d3139291,
    type: 2}
  m_PrefabInternal: {fileID: 1697731274}
  m_GameObject: {fileID: 511817326}
--- !u!1 &535050991
GameObject:
  m_ObjectHideFlags: 0
  m_PrefabParentObject: {fileID: 158804, guid: f21e76e419570ee40bbe28f9d3139291, type: 2}
  m_PrefabInternal: {fileID: 1697731274}
  serializedVersion: 5
  m_Component:
  - component: {fileID: 535050992}
  - component: {fileID: 535050994}
  - component: {fileID: 535050993}
  m_Layer: 5
  m_Name: MapElements
  m_TagString: Untagged
  m_Icon: {fileID: 0}
  m_NavMeshLayer: 0
  m_StaticEditorFlags: 0
  m_IsActive: 1
--- !u!224 &535050992
RectTransform:
  m_ObjectHideFlags: 0
  m_PrefabParentObject: {fileID: 22458804, guid: f21e76e419570ee40bbe28f9d3139291,
    type: 2}
  m_PrefabInternal: {fileID: 1697731274}
  m_GameObject: {fileID: 535050991}
  m_LocalRotation: {x: 0, y: 0, z: 0, w: 1}
  m_LocalPosition: {x: -236.95003, y: -299, z: 0}
  m_LocalScale: {x: 1, y: 1, z: 1}
  m_Children: []
  m_Father: {fileID: 1582173947}
  m_RootOrder: 16
  m_LocalEulerAnglesHint: {x: 0, y: 0, z: 0}
  m_AnchorMin: {x: 0.5, y: 0.5}
  m_AnchorMax: {x: 0.5, y: 0.5}
  m_AnchoredPosition: {x: -236.95003, y: -299}
  m_SizeDelta: {x: 235.9, y: 40}
  m_Pivot: {x: 0.5, y: 0.5}
--- !u!114 &535050993
MonoBehaviour:
  m_ObjectHideFlags: 0
  m_PrefabParentObject: {fileID: 11458810, guid: f21e76e419570ee40bbe28f9d3139291,
    type: 2}
  m_PrefabInternal: {fileID: 1697731274}
  m_GameObject: {fileID: 535050991}
  m_Enabled: 1
  m_EditorHideFlags: 0
  m_Script: {fileID: -765806418, guid: f5f67c52d1564df4a8936ccd202a3bd8, type: 3}
  m_Name: 
  m_EditorClassIdentifier: 
  m_Material: {fileID: 0}
  m_Color: {r: 0.9411765, g: 0.8901961, b: 0.7607843, a: 1}
  m_RaycastTarget: 1
  m_OnCullStateChanged:
    m_PersistentCalls:
      m_Calls: []
    m_TypeName: UnityEngine.UI.MaskableGraphic+CullStateChangedEvent, UnityEngine.UI,
      Version=1.0.0.0, Culture=neutral, PublicKeyToken=null
  m_Sprite: {fileID: 21300000, guid: 7ed1238760b863f4aafde32ab3a6f28c, type: 3}
  m_Type: 1
  m_PreserveAspect: 0
  m_FillCenter: 1
  m_FillMethod: 4
  m_FillAmount: 1
  m_FillClockwise: 1
  m_FillOrigin: 0
--- !u!222 &535050994
CanvasRenderer:
  m_ObjectHideFlags: 0
  m_PrefabParentObject: {fileID: 22258802, guid: f21e76e419570ee40bbe28f9d3139291,
    type: 2}
  m_PrefabInternal: {fileID: 1697731274}
  m_GameObject: {fileID: 535050991}
--- !u!1 &660224619
GameObject:
  m_ObjectHideFlags: 0
  m_PrefabParentObject: {fileID: 158788, guid: f21e76e419570ee40bbe28f9d3139291, type: 2}
  m_PrefabInternal: {fileID: 1697731274}
  serializedVersion: 5
  m_Component:
  - component: {fileID: 660224620}
  - component: {fileID: 660224622}
  - component: {fileID: 660224621}
  m_Layer: 5
  m_Name: MapElements
  m_TagString: Untagged
  m_Icon: {fileID: 0}
  m_NavMeshLayer: 0
  m_StaticEditorFlags: 0
  m_IsActive: 1
--- !u!224 &660224620
RectTransform:
  m_ObjectHideFlags: 0
  m_PrefabParentObject: {fileID: 22458788, guid: f21e76e419570ee40bbe28f9d3139291,
    type: 2}
  m_PrefabInternal: {fileID: 1697731274}
  m_GameObject: {fileID: 660224619}
  m_LocalRotation: {x: 0, y: 0, z: 0, w: 1}
  m_LocalPosition: {x: 25, y: -259, z: 0}
  m_LocalScale: {x: 1, y: 1, z: 1}
  m_Children: []
  m_Father: {fileID: 1582173947}
  m_RootOrder: 3
  m_LocalEulerAnglesHint: {x: 0, y: 0, z: 0}
  m_AnchorMin: {x: 0.5, y: 0.5}
  m_AnchorMax: {x: 0.5, y: 0.5}
  m_AnchoredPosition: {x: 25, y: -259}
  m_SizeDelta: {x: 40, y: 40}
  m_Pivot: {x: 0.5, y: 0.5}
--- !u!114 &660224621
MonoBehaviour:
  m_ObjectHideFlags: 0
  m_PrefabParentObject: {fileID: 11458792, guid: f21e76e419570ee40bbe28f9d3139291,
    type: 2}
  m_PrefabInternal: {fileID: 1697731274}
  m_GameObject: {fileID: 660224619}
  m_Enabled: 1
  m_EditorHideFlags: 0
  m_Script: {fileID: -765806418, guid: f5f67c52d1564df4a8936ccd202a3bd8, type: 3}
  m_Name: 
  m_EditorClassIdentifier: 
  m_Material: {fileID: 0}
  m_Color: {r: 0.9411765, g: 0.8901961, b: 0.7607843, a: 1}
  m_RaycastTarget: 1
  m_OnCullStateChanged:
    m_PersistentCalls:
      m_Calls: []
    m_TypeName: UnityEngine.UI.MaskableGraphic+CullStateChangedEvent, UnityEngine.UI,
      Version=1.0.0.0, Culture=neutral, PublicKeyToken=null
  m_Sprite: {fileID: 21300000, guid: 7ed1238760b863f4aafde32ab3a6f28c, type: 3}
  m_Type: 1
  m_PreserveAspect: 0
  m_FillCenter: 1
  m_FillMethod: 4
  m_FillAmount: 1
  m_FillClockwise: 1
  m_FillOrigin: 0
--- !u!222 &660224622
CanvasRenderer:
  m_ObjectHideFlags: 0
  m_PrefabParentObject: {fileID: 22258788, guid: f21e76e419570ee40bbe28f9d3139291,
    type: 2}
  m_PrefabInternal: {fileID: 1697731274}
  m_GameObject: {fileID: 660224619}
--- !u!1 &780165426
GameObject:
  m_ObjectHideFlags: 0
  m_PrefabParentObject: {fileID: 158786, guid: f21e76e419570ee40bbe28f9d3139291, type: 2}
  m_PrefabInternal: {fileID: 1697731274}
  serializedVersion: 5
  m_Component:
  - component: {fileID: 780165427}
  - component: {fileID: 780165429}
  - component: {fileID: 780165428}
  m_Layer: 5
  m_Name: MapElements
  m_TagString: Untagged
  m_Icon: {fileID: 0}
  m_NavMeshLayer: 0
  m_StaticEditorFlags: 0
  m_IsActive: 1
--- !u!224 &780165427
RectTransform:
  m_ObjectHideFlags: 0
  m_PrefabParentObject: {fileID: 22458786, guid: f21e76e419570ee40bbe28f9d3139291,
    type: 2}
  m_PrefabInternal: {fileID: 1697731274}
  m_GameObject: {fileID: 780165426}
  m_LocalRotation: {x: 0, y: 0, z: 0, w: 1}
  m_LocalPosition: {x: -42, y: 278, z: 0}
  m_LocalScale: {x: 1, y: 1, z: 1}
  m_Children: []
  m_Father: {fileID: 1582173947}
  m_RootOrder: 8
  m_LocalEulerAnglesHint: {x: 0, y: 0, z: 0}
  m_AnchorMin: {x: 0.5, y: 0.5}
  m_AnchorMax: {x: 0.5, y: 0.5}
  m_AnchoredPosition: {x: -42, y: 278}
  m_SizeDelta: {x: 74, y: 40}
  m_Pivot: {x: 0.5, y: 0.5}
--- !u!114 &780165428
MonoBehaviour:
  m_ObjectHideFlags: 0
  m_PrefabParentObject: {fileID: 11458790, guid: f21e76e419570ee40bbe28f9d3139291,
    type: 2}
  m_PrefabInternal: {fileID: 1697731274}
  m_GameObject: {fileID: 780165426}
  m_Enabled: 1
  m_EditorHideFlags: 0
  m_Script: {fileID: -765806418, guid: f5f67c52d1564df4a8936ccd202a3bd8, type: 3}
  m_Name: 
  m_EditorClassIdentifier: 
  m_Material: {fileID: 0}
  m_Color: {r: 0.9411765, g: 0.8901961, b: 0.7607843, a: 1}
  m_RaycastTarget: 1
  m_OnCullStateChanged:
    m_PersistentCalls:
      m_Calls: []
    m_TypeName: UnityEngine.UI.MaskableGraphic+CullStateChangedEvent, UnityEngine.UI,
      Version=1.0.0.0, Culture=neutral, PublicKeyToken=null
  m_Sprite: {fileID: 21300000, guid: 7ed1238760b863f4aafde32ab3a6f28c, type: 3}
  m_Type: 1
  m_PreserveAspect: 0
  m_FillCenter: 1
  m_FillMethod: 4
  m_FillAmount: 1
  m_FillClockwise: 1
  m_FillOrigin: 0
--- !u!222 &780165429
CanvasRenderer:
  m_ObjectHideFlags: 0
  m_PrefabParentObject: {fileID: 22258786, guid: f21e76e419570ee40bbe28f9d3139291,
    type: 2}
  m_PrefabInternal: {fileID: 1697731274}
  m_GameObject: {fileID: 780165426}
--- !u!1 &854653411
GameObject:
  m_ObjectHideFlags: 0
  m_PrefabParentObject: {fileID: 158774, guid: f21e76e419570ee40bbe28f9d3139291, type: 2}
  m_PrefabInternal: {fileID: 1697731274}
  serializedVersion: 5
  m_Component:
  - component: {fileID: 854653412}
  - component: {fileID: 854653414}
  - component: {fileID: 854653413}
  m_Layer: 5
  m_Name: MapElements
  m_TagString: Untagged
  m_Icon: {fileID: 0}
  m_NavMeshLayer: 0
  m_StaticEditorFlags: 0
  m_IsActive: 1
--- !u!224 &854653412
RectTransform:
  m_ObjectHideFlags: 0
  m_PrefabParentObject: {fileID: 22458774, guid: f21e76e419570ee40bbe28f9d3139291,
    type: 2}
  m_PrefabInternal: {fileID: 1697731274}
  m_GameObject: {fileID: 854653411}
  m_LocalRotation: {x: 0, y: 0, z: 0, w: 1}
  m_LocalPosition: {x: -25, y: -117, z: 0}
  m_LocalScale: {x: 1, y: 1, z: 1}
  m_Children: []
  m_Father: {fileID: 1582173947}
  m_RootOrder: 6
  m_LocalEulerAnglesHint: {x: 0, y: 0, z: 0}
  m_AnchorMin: {x: 0.5, y: 0.5}
  m_AnchorMax: {x: 0.5, y: 0.5}
  m_AnchoredPosition: {x: -25, y: -117}
  m_SizeDelta: {x: 40, y: 40}
  m_Pivot: {x: 0.5, y: 0.5}
--- !u!114 &854653413
MonoBehaviour:
  m_ObjectHideFlags: 0
  m_PrefabParentObject: {fileID: 11458778, guid: f21e76e419570ee40bbe28f9d3139291,
    type: 2}
  m_PrefabInternal: {fileID: 1697731274}
  m_GameObject: {fileID: 854653411}
  m_Enabled: 1
  m_EditorHideFlags: 0
  m_Script: {fileID: -765806418, guid: f5f67c52d1564df4a8936ccd202a3bd8, type: 3}
  m_Name: 
  m_EditorClassIdentifier: 
  m_Material: {fileID: 0}
  m_Color: {r: 0.9411765, g: 0.8901961, b: 0.7607843, a: 1}
  m_RaycastTarget: 1
  m_OnCullStateChanged:
    m_PersistentCalls:
      m_Calls: []
    m_TypeName: UnityEngine.UI.MaskableGraphic+CullStateChangedEvent, UnityEngine.UI,
      Version=1.0.0.0, Culture=neutral, PublicKeyToken=null
  m_Sprite: {fileID: 21300000, guid: 7ed1238760b863f4aafde32ab3a6f28c, type: 3}
  m_Type: 1
  m_PreserveAspect: 0
  m_FillCenter: 1
  m_FillMethod: 4
  m_FillAmount: 1
  m_FillClockwise: 1
  m_FillOrigin: 0
--- !u!222 &854653414
CanvasRenderer:
  m_ObjectHideFlags: 0
  m_PrefabParentObject: {fileID: 22258774, guid: f21e76e419570ee40bbe28f9d3139291,
    type: 2}
  m_PrefabInternal: {fileID: 1697731274}
  m_GameObject: {fileID: 854653411}
--- !u!1 &1010320464
GameObject:
  m_ObjectHideFlags: 0
  m_PrefabParentObject: {fileID: 158790, guid: f21e76e419570ee40bbe28f9d3139291, type: 2}
  m_PrefabInternal: {fileID: 1697731274}
  serializedVersion: 5
  m_Component:
  - component: {fileID: 1010320465}
  - component: {fileID: 1010320467}
  - component: {fileID: 1010320466}
  m_Layer: 5
  m_Name: MapElements
  m_TagString: Untagged
  m_Icon: {fileID: 0}
  m_NavMeshLayer: 0
  m_StaticEditorFlags: 0
  m_IsActive: 1
--- !u!224 &1010320465
RectTransform:
  m_ObjectHideFlags: 0
  m_PrefabParentObject: {fileID: 22458790, guid: f21e76e419570ee40bbe28f9d3139291,
    type: 2}
  m_PrefabInternal: {fileID: 1697731274}
  m_GameObject: {fileID: 1010320464}
  m_LocalRotation: {x: 0, y: 0, z: 0, w: 1}
  m_LocalPosition: {x: -245.3999, y: 166, z: 0}
  m_LocalScale: {x: 1, y: 1, z: 1}
  m_Children: []
  m_Father: {fileID: 1582173947}
  m_RootOrder: 13
  m_LocalEulerAnglesHint: {x: 0, y: 0, z: 0}
  m_AnchorMin: {x: 0.5, y: 0.5}
  m_AnchorMax: {x: 0.5, y: 0.5}
  m_AnchoredPosition: {x: -245.3999, y: 166}
  m_SizeDelta: {x: 167, y: 40}
  m_Pivot: {x: 0.5, y: 0.5}
--- !u!114 &1010320466
MonoBehaviour:
  m_ObjectHideFlags: 0
  m_PrefabParentObject: {fileID: 11458794, guid: f21e76e419570ee40bbe28f9d3139291,
    type: 2}
  m_PrefabInternal: {fileID: 1697731274}
  m_GameObject: {fileID: 1010320464}
  m_Enabled: 1
  m_EditorHideFlags: 0
  m_Script: {fileID: -765806418, guid: f5f67c52d1564df4a8936ccd202a3bd8, type: 3}
  m_Name: 
  m_EditorClassIdentifier: 
  m_Material: {fileID: 0}
  m_Color: {r: 0.9411765, g: 0.8901961, b: 0.7607843, a: 1}
  m_RaycastTarget: 1
  m_OnCullStateChanged:
    m_PersistentCalls:
      m_Calls: []
    m_TypeName: UnityEngine.UI.MaskableGraphic+CullStateChangedEvent, UnityEngine.UI,
      Version=1.0.0.0, Culture=neutral, PublicKeyToken=null
  m_Sprite: {fileID: 21300000, guid: 7ed1238760b863f4aafde32ab3a6f28c, type: 3}
  m_Type: 1
  m_PreserveAspect: 0
  m_FillCenter: 1
  m_FillMethod: 4
  m_FillAmount: 1
  m_FillClockwise: 1
  m_FillOrigin: 0
--- !u!222 &1010320467
CanvasRenderer:
  m_ObjectHideFlags: 0
  m_PrefabParentObject: {fileID: 22258790, guid: f21e76e419570ee40bbe28f9d3139291,
    type: 2}
  m_PrefabInternal: {fileID: 1697731274}
  m_GameObject: {fileID: 1010320464}
--- !u!1 &1117065287
GameObject:
  m_ObjectHideFlags: 0
  m_PrefabParentObject: {fileID: 158802, guid: f21e76e419570ee40bbe28f9d3139291, type: 2}
  m_PrefabInternal: {fileID: 1697731274}
  serializedVersion: 5
  m_Component:
  - component: {fileID: 1117065288}
  - component: {fileID: 1117065290}
  - component: {fileID: 1117065289}
  m_Layer: 5
  m_Name: MapElements
  m_TagString: Untagged
  m_Icon: {fileID: 0}
  m_NavMeshLayer: 0
  m_StaticEditorFlags: 0
  m_IsActive: 1
--- !u!224 &1117065288
RectTransform:
  m_ObjectHideFlags: 0
  m_PrefabParentObject: {fileID: 22458802, guid: f21e76e419570ee40bbe28f9d3139291,
    type: 2}
  m_PrefabInternal: {fileID: 1697731274}
  m_GameObject: {fileID: 1117065287}
  m_LocalRotation: {x: 0, y: 0, z: 0, w: 1}
  m_LocalPosition: {x: 285.5, y: -259, z: 0}
  m_LocalScale: {x: 1, y: 1, z: 1}
  m_Children: []
  m_Father: {fileID: 1582173947}
  m_RootOrder: 15
  m_LocalEulerAnglesHint: {x: 0, y: 0, z: 0}
  m_AnchorMin: {x: 0.5, y: 0.5}
  m_AnchorMax: {x: 0.5, y: 0.5}
  m_AnchoredPosition: {x: 285.5, y: -259}
  m_SizeDelta: {x: 167, y: 40}
  m_Pivot: {x: 0.5, y: 0.5}
--- !u!114 &1117065289
MonoBehaviour:
  m_ObjectHideFlags: 0
  m_PrefabParentObject: {fileID: 11458808, guid: f21e76e419570ee40bbe28f9d3139291,
    type: 2}
  m_PrefabInternal: {fileID: 1697731274}
  m_GameObject: {fileID: 1117065287}
  m_Enabled: 1
  m_EditorHideFlags: 0
  m_Script: {fileID: -765806418, guid: f5f67c52d1564df4a8936ccd202a3bd8, type: 3}
  m_Name: 
  m_EditorClassIdentifier: 
  m_Material: {fileID: 0}
  m_Color: {r: 0.9411765, g: 0.8901961, b: 0.7607843, a: 1}
  m_RaycastTarget: 1
  m_OnCullStateChanged:
    m_PersistentCalls:
      m_Calls: []
    m_TypeName: UnityEngine.UI.MaskableGraphic+CullStateChangedEvent, UnityEngine.UI,
      Version=1.0.0.0, Culture=neutral, PublicKeyToken=null
  m_Sprite: {fileID: 21300000, guid: 7ed1238760b863f4aafde32ab3a6f28c, type: 3}
  m_Type: 1
  m_PreserveAspect: 0
  m_FillCenter: 1
  m_FillMethod: 4
  m_FillAmount: 1
  m_FillClockwise: 1
  m_FillOrigin: 0
--- !u!222 &1117065290
CanvasRenderer:
  m_ObjectHideFlags: 0
  m_PrefabParentObject: {fileID: 22258800, guid: f21e76e419570ee40bbe28f9d3139291,
    type: 2}
  m_PrefabInternal: {fileID: 1697731274}
  m_GameObject: {fileID: 1117065287}
--- !u!1 &1247379991
GameObject:
  m_ObjectHideFlags: 0
  m_PrefabParentObject: {fileID: 158778, guid: f21e76e419570ee40bbe28f9d3139291, type: 2}
  m_PrefabInternal: {fileID: 1697731274}
  serializedVersion: 5
  m_Component:
  - component: {fileID: 1247379992}
  - component: {fileID: 1247379994}
  - component: {fileID: 1247379993}
  m_Layer: 5
  m_Name: AppTitle
  m_TagString: Untagged
  m_Icon: {fileID: 0}
  m_NavMeshLayer: 0
  m_StaticEditorFlags: 0
  m_IsActive: 1
--- !u!224 &1247379992
RectTransform:
  m_ObjectHideFlags: 0
  m_PrefabParentObject: {fileID: 22458778, guid: f21e76e419570ee40bbe28f9d3139291,
    type: 2}
  m_PrefabInternal: {fileID: 1697731274}
  m_GameObject: {fileID: 1247379991}
  m_LocalRotation: {x: 0, y: 0, z: 0, w: 1}
  m_LocalPosition: {x: 27.494995, y: 633, z: 0}
  m_LocalScale: {x: 1, y: 1, z: 1}
  m_Children:
  - {fileID: 1476195520}
  m_Father: {fileID: 1999773529}
  m_RootOrder: 0
  m_LocalEulerAnglesHint: {x: 0, y: 0, z: 0}
  m_AnchorMin: {x: 0.5, y: 0.5}
  m_AnchorMax: {x: 0.5, y: 0.5}
  m_AnchoredPosition: {x: 27.495, y: 633}
  m_SizeDelta: {x: 695, y: 109}
  m_Pivot: {x: 0.5, y: 0.5}
--- !u!114 &1247379993
MonoBehaviour:
  m_ObjectHideFlags: 0
  m_PrefabParentObject: {fileID: 11458782, guid: f21e76e419570ee40bbe28f9d3139291,
    type: 2}
  m_PrefabInternal: {fileID: 1697731274}
  m_GameObject: {fileID: 1247379991}
  m_Enabled: 1
  m_EditorHideFlags: 0
  m_Script: {fileID: 708705254, guid: f5f67c52d1564df4a8936ccd202a3bd8, type: 3}
  m_Name: 
  m_EditorClassIdentifier: 
  m_Material: {fileID: 0}
  m_Color: {r: 0.85490197, g: 0.85490197, b: 0.85490197, a: 1}
  m_RaycastTarget: 1
  m_OnCullStateChanged:
    m_PersistentCalls:
      m_Calls: []
    m_TypeName: UnityEngine.UI.MaskableGraphic+CullStateChangedEvent, UnityEngine.UI,
      Version=1.0.0.0, Culture=neutral, PublicKeyToken=null
  m_FontData:
    m_Font: {fileID: 12800000, guid: 218956a5c2a6e42d6a60afccf80b002b, type: 3}
    m_FontSize: 102
    m_FontStyle: 0
    m_BestFit: 0
    m_MinSize: 10
    m_MaxSize: 102
    m_Alignment: 0
    m_AlignByGeometry: 0
    m_RichText: 1
    m_HorizontalOverflow: 0
    m_VerticalOverflow: 1
    m_LineSpacing: 1
  m_Text: GAME
--- !u!222 &1247379994
CanvasRenderer:
  m_ObjectHideFlags: 0
  m_PrefabParentObject: {fileID: 22258778, guid: f21e76e419570ee40bbe28f9d3139291,
    type: 2}
  m_PrefabInternal: {fileID: 1697731274}
  m_GameObject: {fileID: 1247379991}
--- !u!1 &1456319393
GameObject:
  m_ObjectHideFlags: 0
  m_PrefabParentObject: {fileID: 158772, guid: f21e76e419570ee40bbe28f9d3139291, type: 2}
  m_PrefabInternal: {fileID: 1697731274}
  serializedVersion: 5
  m_Component:
  - component: {fileID: 1456319394}
  - component: {fileID: 1456319397}
  - component: {fileID: 1456319396}
  - component: {fileID: 1456319395}
  m_Layer: 5
  m_Name: Panel
  m_TagString: Untagged
  m_Icon: {fileID: 0}
  m_NavMeshLayer: 0
  m_StaticEditorFlags: 0
  m_IsActive: 1
--- !u!224 &1456319394
RectTransform:
  m_ObjectHideFlags: 0
  m_PrefabParentObject: {fileID: 22458772, guid: f21e76e419570ee40bbe28f9d3139291,
    type: 2}
  m_PrefabInternal: {fileID: 1697731274}
  m_GameObject: {fileID: 1456319393}
  m_LocalRotation: {x: 0, y: 0, z: 0, w: 1}
  m_LocalPosition: {x: 0, y: -0.020019531, z: 0}
  m_LocalScale: {x: 1, y: 1, z: 1}
  m_Children:
  - {fileID: 1582173947}
  m_Father: {fileID: 1999773529}
  m_RootOrder: 1
  m_LocalEulerAnglesHint: {x: 0, y: 0, z: 0}
  m_AnchorMin: {x: 0.5, y: 0.5}
  m_AnchorMax: {x: 0.5, y: 0.5}
  m_AnchoredPosition: {x: 0, y: -0.020019531}
  m_SizeDelta: {x: 640, y: 1136}
  m_Pivot: {x: 0.5, y: 0.5}
--- !u!114 &1456319395
MonoBehaviour:
  m_ObjectHideFlags: 0
  m_PrefabParentObject: {fileID: 11458774, guid: f21e76e419570ee40bbe28f9d3139291,
    type: 2}
  m_PrefabInternal: {fileID: 1697731274}
  m_GameObject: {fileID: 1456319393}
  m_Enabled: 1
  m_EditorHideFlags: 0
  m_Script: {fileID: -1200242548, guid: f5f67c52d1564df4a8936ccd202a3bd8, type: 3}
  m_Name: 
  m_EditorClassIdentifier: 
  m_ShowMaskGraphic: 1
--- !u!114 &1456319396
MonoBehaviour:
  m_ObjectHideFlags: 0
  m_PrefabParentObject: {fileID: 11458776, guid: f21e76e419570ee40bbe28f9d3139291,
    type: 2}
  m_PrefabInternal: {fileID: 1697731274}
  m_GameObject: {fileID: 1456319393}
  m_Enabled: 1
  m_EditorHideFlags: 0
  m_Script: {fileID: -765806418, guid: f5f67c52d1564df4a8936ccd202a3bd8, type: 3}
  m_Name: 
  m_EditorClassIdentifier: 
  m_Material: {fileID: 0}
  m_Color: {r: 0.9338235, g: 0.9338235, b: 0.9338235, a: 1}
  m_RaycastTarget: 1
  m_OnCullStateChanged:
    m_PersistentCalls:
      m_Calls: []
    m_TypeName: UnityEngine.UI.MaskableGraphic+CullStateChangedEvent, UnityEngine.UI,
      Version=1.0.0.0, Culture=neutral, PublicKeyToken=null
  m_Sprite: {fileID: 21300000, guid: 7ed1238760b863f4aafde32ab3a6f28c, type: 3}
  m_Type: 1
  m_PreserveAspect: 0
  m_FillCenter: 1
  m_FillMethod: 4
  m_FillAmount: 1
  m_FillClockwise: 1
  m_FillOrigin: 0
--- !u!222 &1456319397
CanvasRenderer:
  m_ObjectHideFlags: 0
  m_PrefabParentObject: {fileID: 22258772, guid: f21e76e419570ee40bbe28f9d3139291,
    type: 2}
  m_PrefabInternal: {fileID: 1697731274}
  m_GameObject: {fileID: 1456319393}
--- !u!1 &1476195519
GameObject:
  m_ObjectHideFlags: 0
  m_PrefabParentObject: {fileID: 158760, guid: f21e76e419570ee40bbe28f9d3139291, type: 2}
  m_PrefabInternal: {fileID: 1697731274}
  serializedVersion: 5
  m_Component:
  - component: {fileID: 1476195520}
  - component: {fileID: 1476195522}
  - component: {fileID: 1476195521}
  m_Layer: 5
  m_Name: AppTitle
  m_TagString: Untagged
  m_Icon: {fileID: 0}
  m_NavMeshLayer: 0
  m_StaticEditorFlags: 0
  m_IsActive: 1
--- !u!224 &1476195520
RectTransform:
  m_ObjectHideFlags: 0
  m_PrefabParentObject: {fileID: 22458760, guid: f21e76e419570ee40bbe28f9d3139291,
    type: 2}
  m_PrefabInternal: {fileID: 1697731274}
  m_GameObject: {fileID: 1476195519}
  m_LocalRotation: {x: 0, y: 0, z: 0, w: 1}
  m_LocalPosition: {x: 295, y: -68, z: 0}
  m_LocalScale: {x: 1, y: 1, z: 1}
  m_Children: []
  m_Father: {fileID: 1247379992}
  m_RootOrder: 0
  m_LocalEulerAnglesHint: {x: 0, y: 0, z: 0}
  m_AnchorMin: {x: 0.5, y: 0.5}
  m_AnchorMax: {x: 0.5, y: 0.5}
  m_AnchoredPosition: {x: 295, y: -68}
  m_SizeDelta: {x: 695, y: 109}
  m_Pivot: {x: 0.5, y: 0.5}
--- !u!114 &1476195521
MonoBehaviour:
  m_ObjectHideFlags: 0
  m_PrefabParentObject: {fileID: 11458760, guid: f21e76e419570ee40bbe28f9d3139291,
    type: 2}
  m_PrefabInternal: {fileID: 1697731274}
  m_GameObject: {fileID: 1476195519}
  m_Enabled: 1
  m_EditorHideFlags: 0
  m_Script: {fileID: 708705254, guid: f5f67c52d1564df4a8936ccd202a3bd8, type: 3}
  m_Name: 
  m_EditorClassIdentifier: 
  m_Material: {fileID: 0}
  m_Color: {r: 0.85490197, g: 0.85490197, b: 0.85490197, a: 1}
  m_RaycastTarget: 1
  m_OnCullStateChanged:
    m_PersistentCalls:
      m_Calls: []
    m_TypeName: UnityEngine.UI.MaskableGraphic+CullStateChangedEvent, UnityEngine.UI,
      Version=1.0.0.0, Culture=neutral, PublicKeyToken=null
  m_FontData:
    m_Font: {fileID: 12800000, guid: 218956a5c2a6e42d6a60afccf80b002b, type: 3}
    m_FontSize: 40
    m_FontStyle: 0
    m_BestFit: 0
    m_MinSize: 10
    m_MaxSize: 40
    m_Alignment: 0
    m_AlignByGeometry: 0
    m_RichText: 1
    m_HorizontalOverflow: 0
    m_VerticalOverflow: 1
    m_LineSpacing: 1
  m_Text: EXAMPLE
--- !u!222 &1476195522
CanvasRenderer:
  m_ObjectHideFlags: 0
  m_PrefabParentObject: {fileID: 22258760, guid: f21e76e419570ee40bbe28f9d3139291,
    type: 2}
  m_PrefabInternal: {fileID: 1697731274}
  m_GameObject: {fileID: 1476195519}
--- !u!1 &1500371475
GameObject:
  m_ObjectHideFlags: 0
  m_PrefabParentObject: {fileID: 0}
  m_PrefabInternal: {fileID: 0}
  serializedVersion: 5
  m_Component:
  - component: {fileID: 1500371479}
  - component: {fileID: 1500371478}
  - component: {fileID: 1500371477}
  - component: {fileID: 1500371476}
  m_Layer: 0
  m_Name: EventSystem
  m_TagString: Untagged
  m_Icon: {fileID: 0}
  m_NavMeshLayer: 0
  m_StaticEditorFlags: 0
  m_IsActive: 1
--- !u!114 &1500371476
MonoBehaviour:
  m_ObjectHideFlags: 0
  m_PrefabParentObject: {fileID: 0}
  m_PrefabInternal: {fileID: 0}
  m_GameObject: {fileID: 1500371475}
  m_Enabled: 1
  m_EditorHideFlags: 0
  m_Script: {fileID: 1997211142, guid: f5f67c52d1564df4a8936ccd202a3bd8, type: 3}
  m_Name: 
  m_EditorClassIdentifier: 
  m_ForceModuleActive: 0
--- !u!114 &1500371477
MonoBehaviour:
  m_ObjectHideFlags: 0
  m_PrefabParentObject: {fileID: 0}
  m_PrefabInternal: {fileID: 0}
  m_GameObject: {fileID: 1500371475}
  m_Enabled: 1
  m_EditorHideFlags: 0
  m_Script: {fileID: 1077351063, guid: f5f67c52d1564df4a8936ccd202a3bd8, type: 3}
  m_Name: 
  m_EditorClassIdentifier: 
  m_HorizontalAxis: Horizontal
  m_VerticalAxis: Vertical
  m_SubmitButton: Submit
  m_CancelButton: Cancel
  m_InputActionsPerSecond: 10
  m_RepeatDelay: 0.5
  m_ForceModuleActive: 0
--- !u!114 &1500371478
MonoBehaviour:
  m_ObjectHideFlags: 0
  m_PrefabParentObject: {fileID: 0}
  m_PrefabInternal: {fileID: 0}
  m_GameObject: {fileID: 1500371475}
  m_Enabled: 1
  m_EditorHideFlags: 0
  m_Script: {fileID: -619905303, guid: f5f67c52d1564df4a8936ccd202a3bd8, type: 3}
  m_Name: 
  m_EditorClassIdentifier: 
  m_FirstSelected: {fileID: 0}
  m_sendNavigationEvents: 1
  m_DragThreshold: 5
--- !u!4 &1500371479
Transform:
  m_ObjectHideFlags: 0
  m_PrefabParentObject: {fileID: 0}
  m_PrefabInternal: {fileID: 0}
  m_GameObject: {fileID: 1500371475}
  m_LocalRotation: {x: 0, y: 0, z: 0, w: 1}
  m_LocalPosition: {x: 0, y: 0, z: 0}
  m_LocalScale: {x: 1, y: 1, z: 1}
  m_Children: []
  m_Father: {fileID: 0}
  m_RootOrder: 1
  m_LocalEulerAnglesHint: {x: 0, y: 0, z: 0}
--- !u!1 &1511305452
GameObject:
  m_ObjectHideFlags: 0
  m_PrefabParentObject: {fileID: 0}
  m_PrefabInternal: {fileID: 0}
  serializedVersion: 5
  m_Component:
  - component: {fileID: 1511305453}
  m_Layer: 0
  m_Name: __SET_YOUR_GAMESCREEN_TO_640x1136
  m_TagString: Untagged
  m_Icon: {fileID: 0}
  m_NavMeshLayer: 0
  m_StaticEditorFlags: 0
  m_IsActive: 1
--- !u!4 &1511305453
Transform:
  m_ObjectHideFlags: 0
  m_PrefabParentObject: {fileID: 0}
  m_PrefabInternal: {fileID: 0}
  m_GameObject: {fileID: 1511305452}
  m_LocalRotation: {x: 0, y: 0, z: 0, w: 1}
  m_LocalPosition: {x: 494.995, y: 627.74, z: 0}
  m_LocalScale: {x: 1, y: 1, z: 1}
  m_Children: []
  m_Father: {fileID: 0}
  m_RootOrder: 2
  m_LocalEulerAnglesHint: {x: 0, y: 0, z: 0}
--- !u!1 &1580803915
GameObject:
  m_ObjectHideFlags: 0
  m_PrefabParentObject: {fileID: 158794, guid: f21e76e419570ee40bbe28f9d3139291, type: 2}
  m_PrefabInternal: {fileID: 1697731274}
  serializedVersion: 5
  m_Component:
  - component: {fileID: 1580803916}
  - component: {fileID: 1580803918}
  - component: {fileID: 1580803917}
  m_Layer: 5
  m_Name: MapElements
  m_TagString: Untagged
  m_Icon: {fileID: 0}
  m_NavMeshLayer: 0
  m_StaticEditorFlags: 0
  m_IsActive: 1
--- !u!224 &1580803916
RectTransform:
  m_ObjectHideFlags: 0
  m_PrefabParentObject: {fileID: 22458794, guid: f21e76e419570ee40bbe28f9d3139291,
    type: 2}
  m_PrefabInternal: {fileID: 1697731274}
  m_GameObject: {fileID: 1580803915}
  m_LocalRotation: {x: 0, y: 0, z: -0.7071068, w: 0.7071068}
  m_LocalPosition: {x: -60, y: 459, z: 0}
  m_LocalScale: {x: 1, y: 1, z: 1}
  m_Children: []
  m_Father: {fileID: 1582173947}
  m_RootOrder: 5
  m_LocalEulerAnglesHint: {x: 0, y: 0, z: 0}
  m_AnchorMin: {x: 0.5, y: 0.5}
  m_AnchorMax: {x: 0.5, y: 0.5}
  m_AnchoredPosition: {x: -60, y: 459}
  m_SizeDelta: {x: 66, y: 113}
  m_Pivot: {x: 0.5, y: 0.5}
--- !u!114 &1580803917
MonoBehaviour:
  m_ObjectHideFlags: 0
  m_PrefabParentObject: {fileID: 11458798, guid: f21e76e419570ee40bbe28f9d3139291,
    type: 2}
  m_PrefabInternal: {fileID: 1697731274}
  m_GameObject: {fileID: 1580803915}
  m_Enabled: 1
  m_EditorHideFlags: 0
  m_Script: {fileID: -765806418, guid: f5f67c52d1564df4a8936ccd202a3bd8, type: 3}
  m_Name: 
  m_EditorClassIdentifier: 
  m_Material: {fileID: 0}
  m_Color: {r: 0.9411765, g: 0.8901961, b: 0.7607843, a: 1}
  m_RaycastTarget: 1
  m_OnCullStateChanged:
    m_PersistentCalls:
      m_Calls: []
    m_TypeName: UnityEngine.UI.MaskableGraphic+CullStateChangedEvent, UnityEngine.UI,
      Version=1.0.0.0, Culture=neutral, PublicKeyToken=null
  m_Sprite: {fileID: 21300000, guid: 03d91e2b43b1b1d40aea45bc361c240b, type: 3}
  m_Type: 0
  m_PreserveAspect: 0
  m_FillCenter: 1
  m_FillMethod: 4
  m_FillAmount: 1
  m_FillClockwise: 1
  m_FillOrigin: 0
--- !u!222 &1580803918
CanvasRenderer:
  m_ObjectHideFlags: 0
  m_PrefabParentObject: {fileID: 22258794, guid: f21e76e419570ee40bbe28f9d3139291,
    type: 2}
  m_PrefabInternal: {fileID: 1697731274}
  m_GameObject: {fileID: 1580803915}
--- !u!1 &1582173946
GameObject:
  m_ObjectHideFlags: 0
  m_PrefabParentObject: {fileID: 158764, guid: f21e76e419570ee40bbe28f9d3139291, type: 2}
  m_PrefabInternal: {fileID: 1697731274}
  serializedVersion: 5
  m_Component:
  - component: {fileID: 1582173947}
  - component: {fileID: 1582173950}
  - component: {fileID: 1582173949}
  - component: {fileID: 1582173948}
  m_Layer: 5
  m_Name: Panel
  m_TagString: Untagged
  m_Icon: {fileID: 0}
  m_NavMeshLayer: 0
  m_StaticEditorFlags: 0
  m_IsActive: 1
--- !u!224 &1582173947
RectTransform:
  m_ObjectHideFlags: 0
  m_PrefabParentObject: {fileID: 22458764, guid: f21e76e419570ee40bbe28f9d3139291,
    type: 2}
  m_PrefabInternal: {fileID: 1697731274}
  m_GameObject: {fileID: 1582173946}
  m_LocalRotation: {x: 0, y: 0, z: 0, w: 1}
  m_LocalPosition: {x: 0, y: 0.020019531, z: 0}
  m_LocalScale: {x: 1, y: 1, z: 1}
  m_Children:
  - {fileID: 2136759444}
  - {fileID: 476220712}
  - {fileID: 307294339}
  - {fileID: 660224620}
  - {fileID: 1939690576}
  - {fileID: 1580803916}
  - {fileID: 854653412}
  - {fileID: 109728549}
  - {fileID: 780165427}
  - {fileID: 93140252}
  - {fileID: 2070537443}
  - {fileID: 1757941076}
  - {fileID: 37040763}
  - {fileID: 1010320465}
  - {fileID: 511817327}
  - {fileID: 1117065288}
  - {fileID: 535050992}
  - {fileID: 2026592789}
  - {fileID: 414748190}
  - {fileID: 1766231378}
  m_Father: {fileID: 1456319394}
  m_RootOrder: 0
  m_LocalEulerAnglesHint: {x: 0, y: 0, z: 0}
  m_AnchorMin: {x: 0, y: 0}
  m_AnchorMax: {x: 0, y: 0}
  m_AnchoredPosition: {x: 320, y: 568.02}
  m_SizeDelta: {x: 640, y: 1136}
  m_Pivot: {x: 0.5, y: 0.5}
--- !u!114 &1582173948
MonoBehaviour:
  m_ObjectHideFlags: 0
  m_PrefabParentObject: {fileID: 11458764, guid: f21e76e419570ee40bbe28f9d3139291,
    type: 2}
  m_PrefabInternal: {fileID: 1697731274}
  m_GameObject: {fileID: 1582173946}
  m_Enabled: 1
  m_EditorHideFlags: 0
  m_Script: {fileID: -1200242548, guid: f5f67c52d1564df4a8936ccd202a3bd8, type: 3}
  m_Name: 
  m_EditorClassIdentifier: 
  m_ShowMaskGraphic: 1
--- !u!114 &1582173949
MonoBehaviour:
  m_ObjectHideFlags: 0
  m_PrefabParentObject: {fileID: 11458766, guid: f21e76e419570ee40bbe28f9d3139291,
    type: 2}
  m_PrefabInternal: {fileID: 1697731274}
  m_GameObject: {fileID: 1582173946}
  m_Enabled: 1
  m_EditorHideFlags: 0
  m_Script: {fileID: -765806418, guid: f5f67c52d1564df4a8936ccd202a3bd8, type: 3}
  m_Name: 
  m_EditorClassIdentifier: 
  m_Material: {fileID: 0}
  m_Color: {r: 0.2784314, g: 0.2784314, b: 0.2784314, a: 1}
  m_RaycastTarget: 1
  m_OnCullStateChanged:
    m_PersistentCalls:
      m_Calls: []
    m_TypeName: UnityEngine.UI.MaskableGraphic+CullStateChangedEvent, UnityEngine.UI,
      Version=1.0.0.0, Culture=neutral, PublicKeyToken=null
  m_Sprite: {fileID: 21300000, guid: 7ed1238760b863f4aafde32ab3a6f28c, type: 3}
  m_Type: 1
  m_PreserveAspect: 0
  m_FillCenter: 1
  m_FillMethod: 4
  m_FillAmount: 1
  m_FillClockwise: 1
  m_FillOrigin: 0
--- !u!222 &1582173950
CanvasRenderer:
  m_ObjectHideFlags: 0
  m_PrefabParentObject: {fileID: 22258764, guid: f21e76e419570ee40bbe28f9d3139291,
    type: 2}
  m_PrefabInternal: {fileID: 1697731274}
  m_GameObject: {fileID: 1582173946}
--- !u!1001 &1697731274
Prefab:
  m_ObjectHideFlags: 0
  serializedVersion: 2
  m_Modification:
    m_TransformParent: {fileID: 0}
    m_Modifications:
    - target: {fileID: 22458800, guid: f21e76e419570ee40bbe28f9d3139291, type: 2}
      propertyPath: m_LocalPosition.x
      value: 320
      objectReference: {fileID: 0}
    - target: {fileID: 22458800, guid: f21e76e419570ee40bbe28f9d3139291, type: 2}
      propertyPath: m_LocalPosition.y
      value: 240
      objectReference: {fileID: 0}
    - target: {fileID: 22458800, guid: f21e76e419570ee40bbe28f9d3139291, type: 2}
      propertyPath: m_LocalPosition.z
      value: 0
      objectReference: {fileID: 0}
    - target: {fileID: 22458800, guid: f21e76e419570ee40bbe28f9d3139291, type: 2}
      propertyPath: m_LocalRotation.x
      value: 0
      objectReference: {fileID: 0}
    - target: {fileID: 22458800, guid: f21e76e419570ee40bbe28f9d3139291, type: 2}
      propertyPath: m_LocalRotation.y
      value: 0
      objectReference: {fileID: 0}
    - target: {fileID: 22458800, guid: f21e76e419570ee40bbe28f9d3139291, type: 2}
      propertyPath: m_LocalRotation.z
      value: 0
      objectReference: {fileID: 0}
    - target: {fileID: 22458800, guid: f21e76e419570ee40bbe28f9d3139291, type: 2}
      propertyPath: m_LocalRotation.w
      value: 1
      objectReference: {fileID: 0}
    - target: {fileID: 22458800, guid: f21e76e419570ee40bbe28f9d3139291, type: 2}
      propertyPath: m_RootOrder
      value: 0
      objectReference: {fileID: 0}
    - target: {fileID: 22458800, guid: f21e76e419570ee40bbe28f9d3139291, type: 2}
      propertyPath: m_AnchoredPosition.x
      value: 0
      objectReference: {fileID: 0}
    - target: {fileID: 22458800, guid: f21e76e419570ee40bbe28f9d3139291, type: 2}
      propertyPath: m_AnchoredPosition.y
      value: 0
      objectReference: {fileID: 0}
    - target: {fileID: 22458800, guid: f21e76e419570ee40bbe28f9d3139291, type: 2}
      propertyPath: m_SizeDelta.x
      value: 0
      objectReference: {fileID: 0}
    - target: {fileID: 22458800, guid: f21e76e419570ee40bbe28f9d3139291, type: 2}
      propertyPath: m_SizeDelta.y
      value: 0
      objectReference: {fileID: 0}
    - target: {fileID: 22458800, guid: f21e76e419570ee40bbe28f9d3139291, type: 2}
      propertyPath: m_AnchorMin.x
      value: 0
      objectReference: {fileID: 0}
    - target: {fileID: 22458800, guid: f21e76e419570ee40bbe28f9d3139291, type: 2}
      propertyPath: m_AnchorMin.y
      value: 0
      objectReference: {fileID: 0}
    - target: {fileID: 22458800, guid: f21e76e419570ee40bbe28f9d3139291, type: 2}
      propertyPath: m_AnchorMax.x
      value: 0
      objectReference: {fileID: 0}
    - target: {fileID: 22458800, guid: f21e76e419570ee40bbe28f9d3139291, type: 2}
      propertyPath: m_AnchorMax.y
      value: 0
      objectReference: {fileID: 0}
    - target: {fileID: 22458800, guid: f21e76e419570ee40bbe28f9d3139291, type: 2}
      propertyPath: m_Pivot.x
      value: 0
      objectReference: {fileID: 0}
    - target: {fileID: 22458800, guid: f21e76e419570ee40bbe28f9d3139291, type: 2}
      propertyPath: m_Pivot.y
      value: 0
      objectReference: {fileID: 0}
    m_RemovedComponents: []
  m_ParentPrefab: {fileID: 100100000, guid: f21e76e419570ee40bbe28f9d3139291, type: 2}
  m_RootGameObject: {fileID: 1999773525}
  m_IsPrefabParent: 0
--- !u!1 &1757941075
GameObject:
  m_ObjectHideFlags: 0
  m_PrefabParentObject: {fileID: 158784, guid: f21e76e419570ee40bbe28f9d3139291, type: 2}
  m_PrefabInternal: {fileID: 1697731274}
  serializedVersion: 5
  m_Component:
  - component: {fileID: 1757941076}
  - component: {fileID: 1757941078}
  - component: {fileID: 1757941077}
  m_Layer: 5
  m_Name: MapElements
  m_TagString: Untagged
  m_Icon: {fileID: 0}
  m_NavMeshLayer: 0
  m_StaticEditorFlags: 0
  m_IsActive: 1
--- !u!224 &1757941076
RectTransform:
  m_ObjectHideFlags: 0
  m_PrefabParentObject: {fileID: 22458784, guid: f21e76e419570ee40bbe28f9d3139291,
    type: 2}
  m_PrefabInternal: {fileID: 1697731274}
  m_GameObject: {fileID: 1757941075}
  m_LocalRotation: {x: 0, y: 0, z: -0.7071068, w: 0.7071068}
  m_LocalPosition: {x: 235, y: -7, z: 0}
  m_LocalScale: {x: 1, y: 1, z: 1}
  m_Children: []
  m_Father: {fileID: 1582173947}
  m_RootOrder: 11
  m_LocalEulerAnglesHint: {x: 0, y: 0, z: 0}
  m_AnchorMin: {x: 0.5, y: 0.5}
  m_AnchorMax: {x: 0.5, y: 0.5}
  m_AnchoredPosition: {x: 235, y: -7}
  m_SizeDelta: {x: 66, y: 171}
  m_Pivot: {x: 0.5, y: 0.5}
--- !u!114 &1757941077
MonoBehaviour:
  m_ObjectHideFlags: 0
  m_PrefabParentObject: {fileID: 11458788, guid: f21e76e419570ee40bbe28f9d3139291,
    type: 2}
  m_PrefabInternal: {fileID: 1697731274}
  m_GameObject: {fileID: 1757941075}
  m_Enabled: 1
  m_EditorHideFlags: 0
  m_Script: {fileID: -765806418, guid: f5f67c52d1564df4a8936ccd202a3bd8, type: 3}
  m_Name: 
  m_EditorClassIdentifier: 
  m_Material: {fileID: 0}
  m_Color: {r: 0.9411765, g: 0.8901961, b: 0.7607843, a: 1}
  m_RaycastTarget: 1
  m_OnCullStateChanged:
    m_PersistentCalls:
      m_Calls: []
    m_TypeName: UnityEngine.UI.MaskableGraphic+CullStateChangedEvent, UnityEngine.UI,
      Version=1.0.0.0, Culture=neutral, PublicKeyToken=null
  m_Sprite: {fileID: 21300000, guid: 03d91e2b43b1b1d40aea45bc361c240b, type: 3}
  m_Type: 0
  m_PreserveAspect: 0
  m_FillCenter: 1
  m_FillMethod: 4
  m_FillAmount: 1
  m_FillClockwise: 1
  m_FillOrigin: 0
--- !u!222 &1757941078
CanvasRenderer:
  m_ObjectHideFlags: 0
  m_PrefabParentObject: {fileID: 22258784, guid: f21e76e419570ee40bbe28f9d3139291,
    type: 2}
  m_PrefabInternal: {fileID: 1697731274}
  m_GameObject: {fileID: 1757941075}
--- !u!1 &1766231377
GameObject:
  m_ObjectHideFlags: 0
  m_PrefabParentObject: {fileID: 158796, guid: f21e76e419570ee40bbe28f9d3139291, type: 2}
  m_PrefabInternal: {fileID: 1697731274}
  serializedVersion: 5
  m_Component:
  - component: {fileID: 1766231378}
  - component: {fileID: 1766231380}
  - component: {fileID: 1766231379}
  m_Layer: 5
  m_Name: PlayerBlocks
  m_TagString: Untagged
  m_Icon: {fileID: 0}
  m_NavMeshLayer: 0
  m_StaticEditorFlags: 0
  m_IsActive: 1
--- !u!224 &1766231378
RectTransform:
  m_ObjectHideFlags: 0
  m_PrefabParentObject: {fileID: 22458796, guid: f21e76e419570ee40bbe28f9d3139291,
    type: 2}
  m_PrefabInternal: {fileID: 1697731274}
  m_GameObject: {fileID: 1766231377}
  m_LocalRotation: {x: 0, y: 0, z: 0, w: 1}
  m_LocalPosition: {x: -99, y: -405, z: 0}
  m_LocalScale: {x: 1, y: 1, z: 1}
  m_Children: []
  m_Father: {fileID: 1582173947}
  m_RootOrder: 19
  m_LocalEulerAnglesHint: {x: 0, y: 0, z: 0}
  m_AnchorMin: {x: 0.5, y: 0.5}
  m_AnchorMax: {x: 0.5, y: 0.5}
  m_AnchoredPosition: {x: -99, y: -405}
  m_SizeDelta: {x: 40, y: 40}
  m_Pivot: {x: 0.5, y: 0.5}
--- !u!114 &1766231379
MonoBehaviour:
  m_ObjectHideFlags: 0
  m_PrefabParentObject: {fileID: 11458800, guid: f21e76e419570ee40bbe28f9d3139291,
    type: 2}
  m_PrefabInternal: {fileID: 1697731274}
  m_GameObject: {fileID: 1766231377}
  m_Enabled: 1
  m_EditorHideFlags: 0
  m_Script: {fileID: -765806418, guid: f5f67c52d1564df4a8936ccd202a3bd8, type: 3}
  m_Name: 
  m_EditorClassIdentifier: 
  m_Material: {fileID: 0}
  m_Color: {r: 0, g: 0.8627451, b: 0.38431373, a: 1}
  m_RaycastTarget: 1
  m_OnCullStateChanged:
    m_PersistentCalls:
      m_Calls: []
    m_TypeName: UnityEngine.UI.MaskableGraphic+CullStateChangedEvent, UnityEngine.UI,
      Version=1.0.0.0, Culture=neutral, PublicKeyToken=null
  m_Sprite: {fileID: 21300000, guid: 7ed1238760b863f4aafde32ab3a6f28c, type: 3}
  m_Type: 1
  m_PreserveAspect: 0
  m_FillCenter: 1
  m_FillMethod: 4
  m_FillAmount: 1
  m_FillClockwise: 1
  m_FillOrigin: 0
--- !u!222 &1766231380
CanvasRenderer:
  m_ObjectHideFlags: 0
  m_PrefabParentObject: {fileID: 22258796, guid: f21e76e419570ee40bbe28f9d3139291,
    type: 2}
  m_PrefabInternal: {fileID: 1697731274}
  m_GameObject: {fileID: 1766231377}
--- !u!1 &1788704162
GameObject:
  m_ObjectHideFlags: 0
  m_PrefabParentObject: {fileID: 158806, guid: f21e76e419570ee40bbe28f9d3139291, type: 2}
  m_PrefabInternal: {fileID: 1697731274}
  serializedVersion: 5
  m_Component:
  - component: {fileID: 1788704163}
  - component: {fileID: 1788704165}
  - component: {fileID: 1788704164}
  m_Layer: 5
  m_Name: Image
  m_TagString: Untagged
  m_Icon: {fileID: 0}
  m_NavMeshLayer: 0
  m_StaticEditorFlags: 0
  m_IsActive: 1
--- !u!224 &1788704163
RectTransform:
  m_ObjectHideFlags: 0
  m_PrefabParentObject: {fileID: 22458806, guid: f21e76e419570ee40bbe28f9d3139291,
    type: 2}
  m_PrefabInternal: {fileID: 1697731274}
  m_GameObject: {fileID: 1788704162}
  m_LocalRotation: {x: 0, y: 0, z: 0, w: 1}
  m_LocalPosition: {x: -60.299995, y: 0, z: 0}
  m_LocalScale: {x: 1, y: 1, z: 1}
  m_Children: []
  m_Father: {fileID: 2136759444}
  m_RootOrder: 0
  m_LocalEulerAnglesHint: {x: 0, y: 0, z: 0}
  m_AnchorMin: {x: 0.5, y: 0.5}
  m_AnchorMax: {x: 0.5, y: 0.5}
  m_AnchoredPosition: {x: -60.3, y: 0}
  m_SizeDelta: {x: 37.3, y: 2}
  m_Pivot: {x: 0.5, y: 0.5}
--- !u!114 &1788704164
MonoBehaviour:
  m_ObjectHideFlags: 0
  m_PrefabParentObject: {fileID: 11458812, guid: f21e76e419570ee40bbe28f9d3139291,
    type: 2}
  m_PrefabInternal: {fileID: 1697731274}
  m_GameObject: {fileID: 1788704162}
  m_Enabled: 1
  m_EditorHideFlags: 0
  m_Script: {fileID: -765806418, guid: f5f67c52d1564df4a8936ccd202a3bd8, type: 3}
  m_Name: 
  m_EditorClassIdentifier: 
  m_Material: {fileID: 0}
  m_Color: {r: 0.9372549, g: 0.8862745, b: 0.75686276, a: 1}
  m_RaycastTarget: 1
  m_OnCullStateChanged:
    m_PersistentCalls:
      m_Calls: []
    m_TypeName: UnityEngine.UI.MaskableGraphic+CullStateChangedEvent, UnityEngine.UI,
      Version=1.0.0.0, Culture=neutral, PublicKeyToken=null
  m_Sprite: {fileID: 21300000, guid: 7ed1238760b863f4aafde32ab3a6f28c, type: 3}
  m_Type: 1
  m_PreserveAspect: 0
  m_FillCenter: 1
  m_FillMethod: 4
  m_FillAmount: 1
  m_FillClockwise: 1
  m_FillOrigin: 0
--- !u!222 &1788704165
CanvasRenderer:
  m_ObjectHideFlags: 0
  m_PrefabParentObject: {fileID: 22258804, guid: f21e76e419570ee40bbe28f9d3139291,
    type: 2}
  m_PrefabInternal: {fileID: 1697731274}
  m_GameObject: {fileID: 1788704162}
--- !u!1 &1939690575
GameObject:
  m_ObjectHideFlags: 0
  m_PrefabParentObject: {fileID: 158776, guid: f21e76e419570ee40bbe28f9d3139291, type: 2}
  m_PrefabInternal: {fileID: 1697731274}
  serializedVersion: 5
  m_Component:
  - component: {fileID: 1939690576}
  - component: {fileID: 1939690578}
  - component: {fileID: 1939690577}
  m_Layer: 5
  m_Name: MapElements
  m_TagString: Untagged
  m_Icon: {fileID: 0}
  m_NavMeshLayer: 0
  m_StaticEditorFlags: 0
  m_IsActive: 1
--- !u!224 &1939690576
RectTransform:
  m_ObjectHideFlags: 0
  m_PrefabParentObject: {fileID: 22458776, guid: f21e76e419570ee40bbe28f9d3139291,
    type: 2}
  m_PrefabInternal: {fileID: 1697731274}
  m_GameObject: {fileID: 1939690575}
  m_LocalRotation: {x: 0, y: 0, z: 0.7071068, w: 0.7071068}
  m_LocalPosition: {x: 40, y: -7, z: 0}
  m_LocalScale: {x: 1, y: 1, z: 1}
  m_Children: []
  m_Father: {fileID: 1582173947}
  m_RootOrder: 4
  m_LocalEulerAnglesHint: {x: 0, y: 0, z: 0}
  m_AnchorMin: {x: 0.5, y: 0.5}
  m_AnchorMax: {x: 0.5, y: 0.5}
  m_AnchoredPosition: {x: 40, y: -7}
  m_SizeDelta: {x: 66, y: 71}
  m_Pivot: {x: 0.5, y: 0.5}
--- !u!114 &1939690577
MonoBehaviour:
  m_ObjectHideFlags: 0
  m_PrefabParentObject: {fileID: 11458780, guid: f21e76e419570ee40bbe28f9d3139291,
    type: 2}
  m_PrefabInternal: {fileID: 1697731274}
  m_GameObject: {fileID: 1939690575}
  m_Enabled: 1
  m_EditorHideFlags: 0
  m_Script: {fileID: -765806418, guid: f5f67c52d1564df4a8936ccd202a3bd8, type: 3}
  m_Name: 
  m_EditorClassIdentifier: 
  m_Material: {fileID: 0}
  m_Color: {r: 0.9411765, g: 0.8901961, b: 0.7607843, a: 1}
  m_RaycastTarget: 1
  m_OnCullStateChanged:
    m_PersistentCalls:
      m_Calls: []
    m_TypeName: UnityEngine.UI.MaskableGraphic+CullStateChangedEvent, UnityEngine.UI,
      Version=1.0.0.0, Culture=neutral, PublicKeyToken=null
  m_Sprite: {fileID: 21300000, guid: 03d91e2b43b1b1d40aea45bc361c240b, type: 3}
  m_Type: 0
  m_PreserveAspect: 0
  m_FillCenter: 1
  m_FillMethod: 4
  m_FillAmount: 1
  m_FillClockwise: 1
  m_FillOrigin: 0
--- !u!222 &1939690578
CanvasRenderer:
  m_ObjectHideFlags: 0
  m_PrefabParentObject: {fileID: 22258776, guid: f21e76e419570ee40bbe28f9d3139291,
    type: 2}
  m_PrefabInternal: {fileID: 1697731274}
  m_GameObject: {fileID: 1939690575}
--- !u!1 &1999773525
GameObject:
  m_ObjectHideFlags: 0
  m_PrefabParentObject: {fileID: 158800, guid: f21e76e419570ee40bbe28f9d3139291, type: 2}
  m_PrefabInternal: {fileID: 1697731274}
  serializedVersion: 5
  m_Component:
  - component: {fileID: 1999773529}
  - component: {fileID: 1999773528}
  - component: {fileID: 1999773527}
  - component: {fileID: 1999773526}
  m_Layer: 5
  m_Name: GameExample_19
  m_TagString: Untagged
  m_Icon: {fileID: 0}
  m_NavMeshLayer: 0
  m_StaticEditorFlags: 0
  m_IsActive: 1
--- !u!114 &1999773526
MonoBehaviour:
  m_ObjectHideFlags: 0
  m_PrefabParentObject: {fileID: 11458804, guid: f21e76e419570ee40bbe28f9d3139291,
    type: 2}
  m_PrefabInternal: {fileID: 1697731274}
  m_GameObject: {fileID: 1999773525}
  m_Enabled: 1
  m_EditorHideFlags: 0
  m_Script: {fileID: 1301386320, guid: f5f67c52d1564df4a8936ccd202a3bd8, type: 3}
  m_Name: 
  m_EditorClassIdentifier: 
  m_IgnoreReversedGraphics: 1
  m_BlockingObjects: 0
  m_BlockingMask:
    serializedVersion: 2
    m_Bits: 4294967295
--- !u!114 &1999773527
MonoBehaviour:
  m_ObjectHideFlags: 0
  m_PrefabParentObject: {fileID: 11458806, guid: f21e76e419570ee40bbe28f9d3139291,
    type: 2}
  m_PrefabInternal: {fileID: 1697731274}
  m_GameObject: {fileID: 1999773525}
  m_Enabled: 1
  m_EditorHideFlags: 0
  m_Script: {fileID: 1980459831, guid: f5f67c52d1564df4a8936ccd202a3bd8, type: 3}
  m_Name: 
  m_EditorClassIdentifier: 
  m_UiScaleMode: 1
  m_ReferencePixelsPerUnit: 100
  m_ScaleFactor: 1
  m_ReferenceResolution: {x: 640, y: 1136}
  m_ScreenMatchMode: 0
  m_MatchWidthOrHeight: 1
  m_PhysicalUnit: 3
  m_FallbackScreenDPI: 96
  m_DefaultSpriteDPI: 96
  m_DynamicPixelsPerUnit: 1
--- !u!223 &1999773528
Canvas:
  m_ObjectHideFlags: 0
  m_PrefabParentObject: {fileID: 22358760, guid: f21e76e419570ee40bbe28f9d3139291,
    type: 2}
  m_PrefabInternal: {fileID: 1697731274}
  m_GameObject: {fileID: 1999773525}
  m_Enabled: 1
  serializedVersion: 3
  m_RenderMode: 0
  m_Camera: {fileID: 0}
  m_PlaneDistance: 100
  m_PixelPerfect: 1
  m_ReceivesEvents: 1
  m_OverrideSorting: 0
  m_OverridePixelPerfect: 0
  m_SortingBucketNormalizedSize: 0
  m_AdditionalShaderChannelsFlag: 25
  m_SortingLayerID: 0
  m_SortingOrder: 0
  m_TargetDisplay: 0
--- !u!224 &1999773529
RectTransform:
  m_ObjectHideFlags: 0
  m_PrefabParentObject: {fileID: 22458800, guid: f21e76e419570ee40bbe28f9d3139291,
    type: 2}
  m_PrefabInternal: {fileID: 1697731274}
  m_GameObject: {fileID: 1999773525}
  m_LocalRotation: {x: 0, y: 0, z: 0, w: 1}
  m_LocalPosition: {x: 320, y: 240, z: 0}
  m_LocalScale: {x: 0.4225352, y: 0.4225352, z: 0.4225352}
  m_Children:
  - {fileID: 1247379992}
  - {fileID: 1456319394}
  m_Father: {fileID: 0}
  m_RootOrder: 0
  m_LocalEulerAnglesHint: {x: 0, y: 0, z: 0}
  m_AnchorMin: {x: 0, y: 0}
  m_AnchorMax: {x: 0, y: 0}
  m_AnchoredPosition: {x: 320, y: 240}
  m_SizeDelta: {x: 1514.6666, y: 1136}
  m_Pivot: {x: 0.5, y: 0.5}
--- !u!1 &2026592788
GameObject:
  m_ObjectHideFlags: 0
  m_PrefabParentObject: {fileID: 158792, guid: f21e76e419570ee40bbe28f9d3139291, type: 2}
  m_PrefabInternal: {fileID: 1697731274}
  serializedVersion: 5
  m_Component:
  - component: {fileID: 2026592789}
  - component: {fileID: 2026592791}
  - component: {fileID: 2026592790}
  m_Layer: 5
  m_Name: MapElements
  m_TagString: Untagged
  m_Icon: {fileID: 0}
  m_NavMeshLayer: 0
  m_StaticEditorFlags: 0
  m_IsActive: 1
--- !u!224 &2026592789
RectTransform:
  m_ObjectHideFlags: 0
  m_PrefabParentObject: {fileID: 22458792, guid: f21e76e419570ee40bbe28f9d3139291,
    type: 2}
  m_PrefabInternal: {fileID: 1697731274}
  m_GameObject: {fileID: 2026592788}
  m_LocalRotation: {x: 0, y: 0, z: 0, w: 1}
  m_LocalPosition: {x: -288, y: 520, z: 0}
  m_LocalScale: {x: 1, y: 1, z: 1}
  m_Children: []
  m_Father: {fileID: 1582173947}
  m_RootOrder: 17
  m_LocalEulerAnglesHint: {x: 0, y: 0, z: 0}
  m_AnchorMin: {x: 0.5, y: 0.5}
  m_AnchorMax: {x: 0.5, y: 0.5}
  m_AnchoredPosition: {x: -288, y: 520}
  m_SizeDelta: {x: 122, y: 40}
  m_Pivot: {x: 0.5, y: 0.5}
--- !u!114 &2026592790
MonoBehaviour:
  m_ObjectHideFlags: 0
  m_PrefabParentObject: {fileID: 11458796, guid: f21e76e419570ee40bbe28f9d3139291,
    type: 2}
  m_PrefabInternal: {fileID: 1697731274}
  m_GameObject: {fileID: 2026592788}
  m_Enabled: 1
  m_EditorHideFlags: 0
  m_Script: {fileID: -765806418, guid: f5f67c52d1564df4a8936ccd202a3bd8, type: 3}
  m_Name: 
  m_EditorClassIdentifier: 
  m_Material: {fileID: 0}
  m_Color: {r: 0.9411765, g: 0.8901961, b: 0.7607843, a: 1}
  m_RaycastTarget: 1
  m_OnCullStateChanged:
    m_PersistentCalls:
      m_Calls: []
    m_TypeName: UnityEngine.UI.MaskableGraphic+CullStateChangedEvent, UnityEngine.UI,
      Version=1.0.0.0, Culture=neutral, PublicKeyToken=null
  m_Sprite: {fileID: 21300000, guid: 7ed1238760b863f4aafde32ab3a6f28c, type: 3}
  m_Type: 1
  m_PreserveAspect: 0
  m_FillCenter: 1
  m_FillMethod: 4
  m_FillAmount: 1
  m_FillClockwise: 1
  m_FillOrigin: 0
--- !u!222 &2026592791
CanvasRenderer:
  m_ObjectHideFlags: 0
  m_PrefabParentObject: {fileID: 22258792, guid: f21e76e419570ee40bbe28f9d3139291,
    type: 2}
  m_PrefabInternal: {fileID: 1697731274}
  m_GameObject: {fileID: 2026592788}
--- !u!1 &2070537442
GameObject:
  m_ObjectHideFlags: 0
  m_PrefabParentObject: {fileID: 158780, guid: f21e76e419570ee40bbe28f9d3139291, type: 2}
  m_PrefabInternal: {fileID: 1697731274}
  serializedVersion: 5
  m_Component:
  - component: {fileID: 2070537443}
  - component: {fileID: 2070537445}
  - component: {fileID: 2070537444}
  m_Layer: 5
  m_Name: MapElements
  m_TagString: Untagged
  m_Icon: {fileID: 0}
  m_NavMeshLayer: 0
  m_StaticEditorFlags: 0
  m_IsActive: 1
--- !u!224 &2070537443
RectTransform:
  m_ObjectHideFlags: 0
  m_PrefabParentObject: {fileID: 22458780, guid: f21e76e419570ee40bbe28f9d3139291,
    type: 2}
  m_PrefabInternal: {fileID: 1697731274}
  m_GameObject: {fileID: 2070537442}
  m_LocalRotation: {x: 0, y: 0, z: 0, w: 1}
  m_LocalPosition: {x: 0, y: 0, z: 0}
  m_LocalScale: {x: 1, y: 1, z: 1}
  m_Children: []
  m_Father: {fileID: 1582173947}
  m_RootOrder: 10
  m_LocalEulerAnglesHint: {x: 0, y: 0, z: 0}
  m_AnchorMin: {x: 0.5, y: 0.5}
  m_AnchorMax: {x: 0.5, y: 0.5}
  m_AnchoredPosition: {x: 0, y: 0}
  m_SizeDelta: {x: 42, y: 1136}
  m_Pivot: {x: 0.5, y: 0.5}
--- !u!114 &2070537444
MonoBehaviour:
  m_ObjectHideFlags: 0
  m_PrefabParentObject: {fileID: 11458784, guid: f21e76e419570ee40bbe28f9d3139291,
    type: 2}
  m_PrefabInternal: {fileID: 1697731274}
  m_GameObject: {fileID: 2070537442}
  m_Enabled: 1
  m_EditorHideFlags: 0
  m_Script: {fileID: -765806418, guid: f5f67c52d1564df4a8936ccd202a3bd8, type: 3}
  m_Name: 
  m_EditorClassIdentifier: 
  m_Material: {fileID: 0}
  m_Color: {r: 0.9372549, g: 0.8862745, b: 0.75686276, a: 0.1764706}
  m_RaycastTarget: 1
  m_OnCullStateChanged:
    m_PersistentCalls:
      m_Calls: []
    m_TypeName: UnityEngine.UI.MaskableGraphic+CullStateChangedEvent, UnityEngine.UI,
      Version=1.0.0.0, Culture=neutral, PublicKeyToken=null
  m_Sprite: {fileID: 21300000, guid: 7ed1238760b863f4aafde32ab3a6f28c, type: 3}
  m_Type: 1
  m_PreserveAspect: 0
  m_FillCenter: 1
  m_FillMethod: 4
  m_FillAmount: 1
  m_FillClockwise: 1
  m_FillOrigin: 0
--- !u!222 &2070537445
CanvasRenderer:
  m_ObjectHideFlags: 0
  m_PrefabParentObject: {fileID: 22258780, guid: f21e76e419570ee40bbe28f9d3139291,
    type: 2}
  m_PrefabInternal: {fileID: 1697731274}
  m_GameObject: {fileID: 2070537442}
--- !u!1 &2136759443
GameObject:
  m_ObjectHideFlags: 0
  m_PrefabParentObject: {fileID: 158808, guid: f21e76e419570ee40bbe28f9d3139291, type: 2}
  m_PrefabInternal: {fileID: 1697731274}
  serializedVersion: 5
  m_Component:
  - component: {fileID: 2136759444}
  - component: {fileID: 2136759446}
  - component: {fileID: 2136759445}
  m_Layer: 5
  m_Name: Text
  m_TagString: Untagged
  m_Icon: {fileID: 0}
  m_NavMeshLayer: 0
  m_StaticEditorFlags: 0
  m_IsActive: 1
--- !u!224 &2136759444
RectTransform:
  m_ObjectHideFlags: 0
  m_PrefabParentObject: {fileID: 22458808, guid: f21e76e419570ee40bbe28f9d3139291,
    type: 2}
  m_PrefabInternal: {fileID: 1697731274}
  m_GameObject: {fileID: 2136759443}
  m_LocalRotation: {x: 0, y: 0, z: 0, w: 1}
  m_LocalPosition: {x: -245.4, y: 0, z: 0}
  m_LocalScale: {x: 1, y: 1, z: 1}
  m_Children:
  - {fileID: 1788704163}
  m_Father: {fileID: 1582173947}
  m_RootOrder: 0
  m_LocalEulerAnglesHint: {x: 0, y: 0, z: 0}
  m_AnchorMin: {x: 0.5, y: 0.5}
  m_AnchorMax: {x: 0.5, y: 0.5}
  m_AnchoredPosition: {x: -245.4, y: 0}
  m_SizeDelta: {x: 126.8, y: 40}
  m_Pivot: {x: 0.5, y: 0.5}
--- !u!114 &2136759445
MonoBehaviour:
  m_ObjectHideFlags: 0
  m_PrefabParentObject: {fileID: 11458814, guid: f21e76e419570ee40bbe28f9d3139291,
    type: 2}
  m_PrefabInternal: {fileID: 1697731274}
  m_GameObject: {fileID: 2136759443}
  m_Enabled: 1
  m_EditorHideFlags: 0
  m_Script: {fileID: 708705254, guid: f5f67c52d1564df4a8936ccd202a3bd8, type: 3}
  m_Name: 
  m_EditorClassIdentifier: 
  m_Material: {fileID: 0}
  m_Color: {r: 0.9372549, g: 0.8862745, b: 0.75686276, a: 1}
  m_RaycastTarget: 1
  m_OnCullStateChanged:
    m_PersistentCalls:
      m_Calls: []
    m_TypeName: UnityEngine.UI.MaskableGraphic+CullStateChangedEvent, UnityEngine.UI,
      Version=1.0.0.0, Culture=neutral, PublicKeyToken=null
  m_FontData:
    m_Font: {fileID: 12800000, guid: 218956a5c2a6e42d6a60afccf80b002b, type: 3}
    m_FontSize: 25
    m_FontStyle: 0
    m_BestFit: 0
    m_MinSize: 10
    m_MaxSize: 40
    m_Alignment: 4
    m_AlignByGeometry: 0
    m_RichText: 1
    m_HorizontalOverflow: 0
    m_VerticalOverflow: 0
    m_LineSpacing: 1
  m_Text: 100m
--- !u!222 &2136759446
CanvasRenderer:
  m_ObjectHideFlags: 0
  m_PrefabParentObject: {fileID: 22258806, guid: f21e76e419570ee40bbe28f9d3139291,
    type: 2}
  m_PrefabInternal: {fileID: 1697731274}
  m_GameObject: {fileID: 2136759443}
