%YAML 1.1
%TAG !u! tag:unity3d.com,2011:
--- !u!29 &1
OcclusionCullingSettings:
  m_ObjectHideFlags: 0
  serializedVersion: 2
  m_OcclusionBakeSettings:
    smallestOccluder: 5
    smallestHole: 0.25
    backfaceThreshold: 100
  m_SceneGUID: 00000000000000000000000000000000
  m_OcclusionCullingData: {fileID: 0}
--- !u!104 &2
RenderSettings:
  m_ObjectHideFlags: 0
  serializedVersion: 8
  m_Fog: 0
  m_FogColor: {r: 0.5, g: 0.5, b: 0.5, a: 1}
  m_FogMode: 3
  m_FogDensity: 0.01
  m_LinearFogStart: 0
  m_LinearFogEnd: 300
  m_AmbientSkyColor: {r: 0.212, g: 0.227, b: 0.259, a: 1}
  m_AmbientEquatorColor: {r: 0.114, g: 0.125, b: 0.133, a: 1}
  m_AmbientGroundColor: {r: 0.047, g: 0.043, b: 0.035, a: 1}
  m_AmbientIntensity: 1
  m_AmbientMode: 0
  m_SubtractiveShadowColor: {r: 0.42, g: 0.478, b: 0.627, a: 1}
  m_SkyboxMaterial: {fileID: 10304, guid: 0000000000000000f000000000000000, type: 0}
  m_HaloStrength: 0.5
  m_FlareStrength: 1
  m_FlareFadeSpeed: 3
  m_HaloTexture: {fileID: 0}
  m_SpotCookie: {fileID: 10001, guid: 0000000000000000e000000000000000, type: 0}
  m_DefaultReflectionMode: 0
  m_DefaultReflectionResolution: 128
  m_ReflectionBounces: 1
  m_ReflectionIntensity: 1
  m_CustomReflection: {fileID: 0}
  m_Sun: {fileID: 0}
  m_IndirectSpecularColor: {r: 0, g: 0, b: 0, a: 1}
--- !u!157 &4
LightmapSettings:
  m_ObjectHideFlags: 0
  serializedVersion: 11
  m_GIWorkflowMode: 0
  m_GISettings:
    serializedVersion: 2
    m_BounceScale: 1
    m_IndirectOutputScale: 1
    m_AlbedoBoost: 1
    m_TemporalCoherenceThreshold: 1
    m_EnvironmentLightingMode: 0
    m_EnableBakedLightmaps: 1
    m_EnableRealtimeLightmaps: 1
  m_LightmapEditorSettings:
    serializedVersion: 9
    m_Resolution: 2
    m_BakeResolution: 40
    m_TextureWidth: 1024
    m_TextureHeight: 1024
    m_AO: 0
    m_AOMaxDistance: 1
    m_CompAOExponent: 0
    m_CompAOExponentDirect: 0
    m_Padding: 2
    m_LightmapParameters: {fileID: 0}
    m_LightmapsBakeMode: 1
    m_TextureCompression: 1
    m_FinalGather: 0
    m_FinalGatherFiltering: 1
    m_FinalGatherRayCount: 1024
    m_ReflectionCompression: 2
    m_MixedBakeMode: 1
    m_BakeBackend: 0
    m_PVRSampling: 1
    m_PVRDirectSampleCount: 32
    m_PVRSampleCount: 500
    m_PVRBounces: 2
    m_PVRFilterTypeDirect: 0
    m_PVRFilterTypeIndirect: 0
    m_PVRFilterTypeAO: 0
    m_PVRFilteringMode: 0
    m_PVRCulling: 1
    m_PVRFilteringGaussRadiusDirect: 1
    m_PVRFilteringGaussRadiusIndirect: 5
    m_PVRFilteringGaussRadiusAO: 2
    m_PVRFilteringAtrousPositionSigmaDirect: 0.5
    m_PVRFilteringAtrousPositionSigmaIndirect: 2
    m_PVRFilteringAtrousPositionSigmaAO: 1
  m_LightingDataAsset: {fileID: 0}
  m_UseShadowmask: 0
--- !u!196 &5
NavMeshSettings:
  serializedVersion: 2
  m_ObjectHideFlags: 0
  m_BuildSettings:
    serializedVersion: 2
    agentTypeID: 0
    agentRadius: 0.5
    agentHeight: 2
    agentSlope: 45
    agentClimb: 0.4
    ledgeDropHeight: 0
    maxJumpAcrossDistance: 0
    minRegionArea: 2
    manualCellSize: 0
    cellSize: 0.16666667
    manualTileSize: 0
    tileSize: 256
    accuratePlacement: 0
    debug:
      m_Flags: 0
  m_NavMeshData: {fileID: 0}
--- !u!1 &29299102
GameObject:
  m_ObjectHideFlags: 0
  m_PrefabParentObject: {fileID: 107882, guid: e9ea6929f7fd839428101cf6c0f9865f, type: 2}
  m_PrefabInternal: {fileID: 702828922}
  serializedVersion: 5
  m_Component:
  - component: {fileID: 29299103}
  - component: {fileID: 29299105}
  - component: {fileID: 29299104}
  m_Layer: 5
  m_Name: Text
  m_TagString: Untagged
  m_Icon: {fileID: 0}
  m_NavMeshLayer: 0
  m_StaticEditorFlags: 0
  m_IsActive: 1
--- !u!224 &29299103
RectTransform:
  m_ObjectHideFlags: 0
  m_PrefabParentObject: {fileID: 22407882, guid: e9ea6929f7fd839428101cf6c0f9865f,
    type: 2}
  m_PrefabInternal: {fileID: 702828922}
  m_GameObject: {fileID: 29299102}
  m_LocalRotation: {x: 0, y: 0, z: 0, w: 1}
  m_LocalPosition: {x: -1, y: 0, z: 0}
  m_LocalScale: {x: 1, y: 1, z: 1}
  m_Children: []
  m_Father: {fileID: 1796219210}
  m_RootOrder: 5
  m_LocalEulerAnglesHint: {x: 0, y: 0, z: 0}
  m_AnchorMin: {x: 0.5, y: 0.5}
  m_AnchorMax: {x: 0.5, y: 0.5}
  m_AnchoredPosition: {x: -1, y: 0}
  m_SizeDelta: {x: 753, y: 373}
  m_Pivot: {x: 0.5, y: 0.5}
--- !u!114 &29299104
MonoBehaviour:
  m_ObjectHideFlags: 0
  m_PrefabParentObject: {fileID: 11407880, guid: e9ea6929f7fd839428101cf6c0f9865f,
    type: 2}
  m_PrefabInternal: {fileID: 702828922}
  m_GameObject: {fileID: 29299102}
  m_Enabled: 1
  m_EditorHideFlags: 0
  m_Script: {fileID: 708705254, guid: f5f67c52d1564df4a8936ccd202a3bd8, type: 3}
  m_Name: 
  m_EditorClassIdentifier: 
  m_Material: {fileID: 0}
  m_Color: {r: 0.50380623, g: 0.5495157, b: 0.6117647, a: 1}
  m_RaycastTarget: 1
  m_OnCullStateChanged:
    m_PersistentCalls:
      m_Calls: []
    m_TypeName: UnityEngine.UI.MaskableGraphic+CullStateChangedEvent, UnityEngine.UI,
      Version=1.0.0.0, Culture=neutral, PublicKeyToken=null
  m_FontData:
    m_Font: {fileID: 12800000, guid: 7dfc2e1472ac84e1bb749a8a9f934483, type: 3}
    m_FontSize: 130
    m_FontStyle: 0
    m_BestFit: 0
    m_MinSize: 10
    m_MaxSize: 130
    m_Alignment: 4
    m_AlignByGeometry: 0
    m_RichText: 1
    m_HorizontalOverflow: 0
    m_VerticalOverflow: 0
    m_LineSpacing: 1
  m_Text: PLAY
--- !u!222 &29299105
CanvasRenderer:
  m_ObjectHideFlags: 0
  m_PrefabParentObject: {fileID: 22207884, guid: e9ea6929f7fd839428101cf6c0f9865f,
    type: 2}
  m_PrefabInternal: {fileID: 702828922}
  m_GameObject: {fileID: 29299102}
--- !u!1 &199437877
GameObject:
  m_ObjectHideFlags: 0
  m_PrefabParentObject: {fileID: 107898, guid: e9ea6929f7fd839428101cf6c0f9865f, type: 2}
  m_PrefabInternal: {fileID: 702828922}
  serializedVersion: 5
  m_Component:
  - component: {fileID: 199437878}
  - component: {fileID: 199437880}
  - component: {fileID: 199437879}
  m_Layer: 5
  m_Name: Panel
  m_TagString: Untagged
  m_Icon: {fileID: 0}
  m_NavMeshLayer: 0
  m_StaticEditorFlags: 0
  m_IsActive: 1
--- !u!224 &199437878
RectTransform:
  m_ObjectHideFlags: 0
  m_PrefabParentObject: {fileID: 22407898, guid: e9ea6929f7fd839428101cf6c0f9865f,
    type: 2}
  m_PrefabInternal: {fileID: 702828922}
  m_GameObject: {fileID: 199437877}
  m_LocalRotation: {x: 0, y: 0, z: 0.38268292, w: 0.92387974}
  m_LocalPosition: {x: 423, y: 11, z: 0}
  m_LocalScale: {x: 1, y: 1, z: 1}
  m_Children: []
  m_Father: {fileID: 1796219210}
  m_RootOrder: 3
  m_LocalEulerAnglesHint: {x: 0, y: 0, z: 0}
  m_AnchorMin: {x: 0.5, y: 0.5}
  m_AnchorMax: {x: 0.5, y: 0.5}
  m_AnchoredPosition: {x: 423, y: 11}
  m_SizeDelta: {x: 587, y: 21}
  m_Pivot: {x: 0.5, y: 0.5}
--- !u!114 &199437879
MonoBehaviour:
  m_ObjectHideFlags: 0
  m_PrefabParentObject: {fileID: 11407896, guid: e9ea6929f7fd839428101cf6c0f9865f,
    type: 2}
  m_PrefabInternal: {fileID: 702828922}
  m_GameObject: {fileID: 199437877}
  m_Enabled: 1
  m_EditorHideFlags: 0
  m_Script: {fileID: -765806418, guid: f5f67c52d1564df4a8936ccd202a3bd8, type: 3}
  m_Name: 
  m_EditorClassIdentifier: 
  m_Material: {fileID: 0}
  m_Color: {r: 1, g: 0.32352942, b: 0.39350888, a: 1}
  m_RaycastTarget: 1
  m_OnCullStateChanged:
    m_PersistentCalls:
      m_Calls: []
    m_TypeName: UnityEngine.UI.MaskableGraphic+CullStateChangedEvent, UnityEngine.UI,
      Version=1.0.0.0, Culture=neutral, PublicKeyToken=null
  m_Sprite: {fileID: 21300000, guid: 7ed1238760b863f4aafde32ab3a6f28c, type: 3}
  m_Type: 1
  m_PreserveAspect: 0
  m_FillCenter: 1
  m_FillMethod: 4
  m_FillAmount: 1
  m_FillClockwise: 1
  m_FillOrigin: 0
--- !u!222 &199437880
CanvasRenderer:
  m_ObjectHideFlags: 0
  m_PrefabParentObject: {fileID: 22207900, guid: e9ea6929f7fd839428101cf6c0f9865f,
    type: 2}
  m_PrefabInternal: {fileID: 702828922}
  m_GameObject: {fileID: 199437877}
--- !u!1 &215334749
GameObject:
  m_ObjectHideFlags: 0
  m_PrefabParentObject: {fileID: 107886, guid: e9ea6929f7fd839428101cf6c0f9865f, type: 2}
  m_PrefabInternal: {fileID: 702828922}
  serializedVersion: 5
  m_Component:
  - component: {fileID: 215334750}
  - component: {fileID: 215334752}
  - component: {fileID: 215334751}
  m_Layer: 5
  m_Name: Panel
  m_TagString: Untagged
  m_Icon: {fileID: 0}
  m_NavMeshLayer: 0
  m_StaticEditorFlags: 0
  m_IsActive: 1
--- !u!224 &215334750
RectTransform:
  m_ObjectHideFlags: 0
  m_PrefabParentObject: {fileID: 22407886, guid: e9ea6929f7fd839428101cf6c0f9865f,
    type: 2}
  m_PrefabInternal: {fileID: 702828922}
  m_GameObject: {fileID: 215334749}
  m_LocalRotation: {x: 0, y: 0, z: -0.38268292, w: 0.92387974}
  m_LocalPosition: {x: -236, y: -227, z: 0}
  m_LocalScale: {x: 1, y: 1, z: 1}
  m_Children: []
  m_Father: {fileID: 1796219210}
  m_RootOrder: 6
  m_LocalEulerAnglesHint: {x: 0, y: 0, z: 0}
  m_AnchorMin: {x: 0.5, y: 0.5}
  m_AnchorMax: {x: 0.5, y: 0.5}
  m_AnchoredPosition: {x: -236, y: -227}
  m_SizeDelta: {x: 459, y: 16}
  m_Pivot: {x: 0.5, y: 0.5}
--- !u!114 &215334751
MonoBehaviour:
  m_ObjectHideFlags: 0
  m_PrefabParentObject: {fileID: 11407884, guid: e9ea6929f7fd839428101cf6c0f9865f,
    type: 2}
  m_PrefabInternal: {fileID: 702828922}
  m_GameObject: {fileID: 215334749}
  m_Enabled: 1
  m_EditorHideFlags: 0
  m_Script: {fileID: -765806418, guid: f5f67c52d1564df4a8936ccd202a3bd8, type: 3}
  m_Name: 
  m_EditorClassIdentifier: 
  m_Material: {fileID: 0}
  m_Color: {r: 1, g: 0.32352942, b: 0.39350888, a: 1}
  m_RaycastTarget: 1
  m_OnCullStateChanged:
    m_PersistentCalls:
      m_Calls: []
    m_TypeName: UnityEngine.UI.MaskableGraphic+CullStateChangedEvent, UnityEngine.UI,
      Version=1.0.0.0, Culture=neutral, PublicKeyToken=null
  m_Sprite: {fileID: 21300000, guid: 7ed1238760b863f4aafde32ab3a6f28c, type: 3}
  m_Type: 1
  m_PreserveAspect: 0
  m_FillCenter: 1
  m_FillMethod: 4
  m_FillAmount: 1
  m_FillClockwise: 1
  m_FillOrigin: 0
--- !u!222 &215334752
CanvasRenderer:
  m_ObjectHideFlags: 0
  m_PrefabParentObject: {fileID: 22207888, guid: e9ea6929f7fd839428101cf6c0f9865f,
    type: 2}
  m_PrefabInternal: {fileID: 702828922}
  m_GameObject: {fileID: 215334749}
--- !u!1 &219150749
GameObject:
  m_ObjectHideFlags: 0
  m_PrefabParentObject: {fileID: 107902, guid: e9ea6929f7fd839428101cf6c0f9865f, type: 2}
  m_PrefabInternal: {fileID: 702828922}
  serializedVersion: 5
  m_Component:
  - component: {fileID: 219150750}
  - component: {fileID: 219150752}
  - component: {fileID: 219150751}
  m_Layer: 5
  m_Name: AppTitle
  m_TagString: Untagged
  m_Icon: {fileID: 0}
  m_NavMeshLayer: 0
  m_StaticEditorFlags: 0
  m_IsActive: 1
--- !u!224 &219150750
RectTransform:
  m_ObjectHideFlags: 0
  m_PrefabParentObject: {fileID: 22407902, guid: e9ea6929f7fd839428101cf6c0f9865f,
    type: 2}
  m_PrefabInternal: {fileID: 702828922}
  m_GameObject: {fileID: 219150749}
  m_LocalRotation: {x: 0, y: 0, z: 0, w: 1}
  m_LocalPosition: {x: -36.5, y: -88, z: 0}
  m_LocalScale: {x: 1, y: 1, z: 1}
  m_Children: []
  m_Father: {fileID: 2124437762}
  m_RootOrder: 0
  m_LocalEulerAnglesHint: {x: 0, y: 0, z: 0}
  m_AnchorMin: {x: 0.5, y: 0.5}
  m_AnchorMax: {x: 0.5, y: 0.5}
  m_AnchoredPosition: {x: -36.5, y: -88}
  m_SizeDelta: {x: 695, y: 67}
  m_Pivot: {x: 0.5, y: 0.5}
--- !u!114 &219150751
MonoBehaviour:
  m_ObjectHideFlags: 0
  m_PrefabParentObject: {fileID: 11407902, guid: e9ea6929f7fd839428101cf6c0f9865f,
    type: 2}
  m_PrefabInternal: {fileID: 702828922}
  m_GameObject: {fileID: 219150749}
  m_Enabled: 1
  m_EditorHideFlags: 0
  m_Script: {fileID: 708705254, guid: f5f67c52d1564df4a8936ccd202a3bd8, type: 3}
  m_Name: 
  m_EditorClassIdentifier: 
  m_Material: {fileID: 0}
  m_Color: {r: 0.85490197, g: 0.85490197, b: 0.85490197, a: 1}
  m_RaycastTarget: 1
  m_OnCullStateChanged:
    m_PersistentCalls:
      m_Calls: []
    m_TypeName: UnityEngine.UI.MaskableGraphic+CullStateChangedEvent, UnityEngine.UI,
      Version=1.0.0.0, Culture=neutral, PublicKeyToken=null
  m_FontData:
    m_Font: {fileID: 12800000, guid: 218956a5c2a6e42d6a60afccf80b002b, type: 3}
    m_FontSize: 40
    m_FontStyle: 0
    m_BestFit: 0
    m_MinSize: 10
    m_MaxSize: 40
    m_Alignment: 0
    m_AlignByGeometry: 0
    m_RichText: 1
    m_HorizontalOverflow: 0
    m_VerticalOverflow: 1
    m_LineSpacing: 1
  m_Text: APP SAMPLE TABLET
--- !u!222 &219150752
CanvasRenderer:
  m_ObjectHideFlags: 0
  m_PrefabParentObject: {fileID: 22207902, guid: e9ea6929f7fd839428101cf6c0f9865f,
    type: 2}
  m_PrefabInternal: {fileID: 702828922}
  m_GameObject: {fileID: 219150749}
--- !u!1 &469122416
GameObject:
  m_ObjectHideFlags: 0
  m_PrefabParentObject: {fileID: 107890, guid: e9ea6929f7fd839428101cf6c0f9865f, type: 2}
  m_PrefabInternal: {fileID: 702828922}
  serializedVersion: 5
  m_Component:
  - component: {fileID: 469122417}
  - component: {fileID: 469122419}
  - component: {fileID: 469122418}
  m_Layer: 5
  m_Name: Panel
  m_TagString: Untagged
  m_Icon: {fileID: 0}
  m_NavMeshLayer: 0
  m_StaticEditorFlags: 0
  m_IsActive: 1
--- !u!224 &469122417
RectTransform:
  m_ObjectHideFlags: 0
  m_PrefabParentObject: {fileID: 22407890, guid: e9ea6929f7fd839428101cf6c0f9865f,
    type: 2}
  m_PrefabInternal: {fileID: 702828922}
  m_GameObject: {fileID: 469122416}
  m_LocalRotation: {x: 0, y: 0, z: 0.38268292, w: 0.92387974}
  m_LocalPosition: {x: -450.5, y: 11, z: 0}
  m_LocalScale: {x: 1, y: 1, z: 1}
  m_Children: []
  m_Father: {fileID: 1796219210}
  m_RootOrder: 4
  m_LocalEulerAnglesHint: {x: 0, y: 0, z: 0}
  m_AnchorMin: {x: 0.5, y: 0.5}
  m_AnchorMax: {x: 0.5, y: 0.5}
  m_AnchoredPosition: {x: -450.5, y: 11}
  m_SizeDelta: {x: 1160, y: 37}
  m_Pivot: {x: 0.5, y: 0.5}
--- !u!114 &469122418
MonoBehaviour:
  m_ObjectHideFlags: 0
  m_PrefabParentObject: {fileID: 11407888, guid: e9ea6929f7fd839428101cf6c0f9865f,
    type: 2}
  m_PrefabInternal: {fileID: 702828922}
  m_GameObject: {fileID: 469122416}
  m_Enabled: 1
  m_EditorHideFlags: 0
  m_Script: {fileID: -765806418, guid: f5f67c52d1564df4a8936ccd202a3bd8, type: 3}
  m_Name: 
  m_EditorClassIdentifier: 
  m_Material: {fileID: 0}
  m_Color: {r: 1, g: 0.32352942, b: 0.39350888, a: 1}
  m_RaycastTarget: 1
  m_OnCullStateChanged:
    m_PersistentCalls:
      m_Calls: []
    m_TypeName: UnityEngine.UI.MaskableGraphic+CullStateChangedEvent, UnityEngine.UI,
      Version=1.0.0.0, Culture=neutral, PublicKeyToken=null
  m_Sprite: {fileID: 21300000, guid: 7ed1238760b863f4aafde32ab3a6f28c, type: 3}
  m_Type: 1
  m_PreserveAspect: 0
  m_FillCenter: 1
  m_FillMethod: 4
  m_FillAmount: 1
  m_FillClockwise: 1
  m_FillOrigin: 0
--- !u!222 &469122419
CanvasRenderer:
  m_ObjectHideFlags: 0
  m_PrefabParentObject: {fileID: 22207892, guid: e9ea6929f7fd839428101cf6c0f9865f,
    type: 2}
  m_PrefabInternal: {fileID: 702828922}
  m_GameObject: {fileID: 469122416}
--- !u!1001 &702828922
Prefab:
  m_ObjectHideFlags: 0
  serializedVersion: 2
  m_Modification:
    m_TransformParent: {fileID: 0}
    m_Modifications:
    - target: {fileID: 22407900, guid: e9ea6929f7fd839428101cf6c0f9865f, type: 2}
      propertyPath: m_LocalPosition.x
      value: 320
      objectReference: {fileID: 0}
    - target: {fileID: 22407900, guid: e9ea6929f7fd839428101cf6c0f9865f, type: 2}
      propertyPath: m_LocalPosition.y
      value: 240
      objectReference: {fileID: 0}
    - target: {fileID: 22407900, guid: e9ea6929f7fd839428101cf6c0f9865f, type: 2}
      propertyPath: m_LocalPosition.z
      value: 0
      objectReference: {fileID: 0}
    - target: {fileID: 22407900, guid: e9ea6929f7fd839428101cf6c0f9865f, type: 2}
      propertyPath: m_LocalRotation.x
      value: 0
      objectReference: {fileID: 0}
    - target: {fileID: 22407900, guid: e9ea6929f7fd839428101cf6c0f9865f, type: 2}
      propertyPath: m_LocalRotation.y
      value: 0
      objectReference: {fileID: 0}
    - target: {fileID: 22407900, guid: e9ea6929f7fd839428101cf6c0f9865f, type: 2}
      propertyPath: m_LocalRotation.z
      value: 0
      objectReference: {fileID: 0}
    - target: {fileID: 22407900, guid: e9ea6929f7fd839428101cf6c0f9865f, type: 2}
      propertyPath: m_LocalRotation.w
      value: 1
      objectReference: {fileID: 0}
    - target: {fileID: 22407900, guid: e9ea6929f7fd839428101cf6c0f9865f, type: 2}
      propertyPath: m_RootOrder
      value: 0
      objectReference: {fileID: 0}
    - target: {fileID: 22407900, guid: e9ea6929f7fd839428101cf6c0f9865f, type: 2}
      propertyPath: m_AnchoredPosition.x
      value: 0
      objectReference: {fileID: 0}
    - target: {fileID: 22407900, guid: e9ea6929f7fd839428101cf6c0f9865f, type: 2}
      propertyPath: m_AnchoredPosition.y
      value: 0
      objectReference: {fileID: 0}
    - target: {fileID: 22407900, guid: e9ea6929f7fd839428101cf6c0f9865f, type: 2}
      propertyPath: m_SizeDelta.x
      value: 0
      objectReference: {fileID: 0}
    - target: {fileID: 22407900, guid: e9ea6929f7fd839428101cf6c0f9865f, type: 2}
      propertyPath: m_SizeDelta.y
      value: 0
      objectReference: {fileID: 0}
    - target: {fileID: 22407900, guid: e9ea6929f7fd839428101cf6c0f9865f, type: 2}
      propertyPath: m_AnchorMin.x
      value: 0
      objectReference: {fileID: 0}
    - target: {fileID: 22407900, guid: e9ea6929f7fd839428101cf6c0f9865f, type: 2}
      propertyPath: m_AnchorMin.y
      value: 0
      objectReference: {fileID: 0}
    - target: {fileID: 22407900, guid: e9ea6929f7fd839428101cf6c0f9865f, type: 2}
      propertyPath: m_AnchorMax.x
      value: 0
      objectReference: {fileID: 0}
    - target: {fileID: 22407900, guid: e9ea6929f7fd839428101cf6c0f9865f, type: 2}
      propertyPath: m_AnchorMax.y
      value: 0
      objectReference: {fileID: 0}
    - target: {fileID: 22407900, guid: e9ea6929f7fd839428101cf6c0f9865f, type: 2}
      propertyPath: m_Pivot.x
      value: 0
      objectReference: {fileID: 0}
    - target: {fileID: 22407900, guid: e9ea6929f7fd839428101cf6c0f9865f, type: 2}
      propertyPath: m_Pivot.y
      value: 0
      objectReference: {fileID: 0}
    m_RemovedComponents: []
  m_ParentPrefab: {fileID: 100100000, guid: e9ea6929f7fd839428101cf6c0f9865f, type: 2}
  m_RootGameObject: {fileID: 2007823678}
  m_IsPrefabParent: 0
--- !u!1 &711804739
GameObject:
  m_ObjectHideFlags: 0
  m_PrefabParentObject: {fileID: 107884, guid: e9ea6929f7fd839428101cf6c0f9865f, type: 2}
  m_PrefabInternal: {fileID: 702828922}
  serializedVersion: 5
  m_Component:
  - component: {fileID: 711804740}
  - component: {fileID: 711804742}
  - component: {fileID: 711804741}
  m_Layer: 5
  m_Name: Panel
  m_TagString: Untagged
  m_Icon: {fileID: 0}
  m_NavMeshLayer: 0
  m_StaticEditorFlags: 0
  m_IsActive: 1
--- !u!224 &711804740
RectTransform:
  m_ObjectHideFlags: 0
  m_PrefabParentObject: {fileID: 22407884, guid: e9ea6929f7fd839428101cf6c0f9865f,
    type: 2}
  m_PrefabInternal: {fileID: 702828922}
  m_GameObject: {fileID: 711804739}
  m_LocalRotation: {x: 0, y: 0, z: 0.38268292, w: 0.92387974}
  m_LocalPosition: {x: -274, y: 257, z: 0}
  m_LocalScale: {x: 1, y: 1, z: 1}
  m_Children: []
  m_Father: {fileID: 1796219210}
  m_RootOrder: 2
  m_LocalEulerAnglesHint: {x: 0, y: 0, z: 0}
  m_AnchorMin: {x: 0.5, y: 0.5}
  m_AnchorMax: {x: 0.5, y: 0.5}
  m_AnchoredPosition: {x: -274, y: 257}
  m_SizeDelta: {x: 459, y: 25}
  m_Pivot: {x: 0.5, y: 0.5}
--- !u!114 &711804741
MonoBehaviour:
  m_ObjectHideFlags: 0
  m_PrefabParentObject: {fileID: 11407882, guid: e9ea6929f7fd839428101cf6c0f9865f,
    type: 2}
  m_PrefabInternal: {fileID: 702828922}
  m_GameObject: {fileID: 711804739}
  m_Enabled: 1
  m_EditorHideFlags: 0
  m_Script: {fileID: -765806418, guid: f5f67c52d1564df4a8936ccd202a3bd8, type: 3}
  m_Name: 
  m_EditorClassIdentifier: 
  m_Material: {fileID: 0}
  m_Color: {r: 1, g: 0.32352942, b: 0.39350888, a: 1}
  m_RaycastTarget: 1
  m_OnCullStateChanged:
    m_PersistentCalls:
      m_Calls: []
    m_TypeName: UnityEngine.UI.MaskableGraphic+CullStateChangedEvent, UnityEngine.UI,
      Version=1.0.0.0, Culture=neutral, PublicKeyToken=null
  m_Sprite: {fileID: 21300000, guid: 7ed1238760b863f4aafde32ab3a6f28c, type: 3}
  m_Type: 1
  m_PreserveAspect: 0
  m_FillCenter: 1
  m_FillMethod: 4
  m_FillAmount: 1
  m_FillClockwise: 1
  m_FillOrigin: 0
--- !u!222 &711804742
CanvasRenderer:
  m_ObjectHideFlags: 0
  m_PrefabParentObject: {fileID: 22207886, guid: e9ea6929f7fd839428101cf6c0f9865f,
    type: 2}
  m_PrefabInternal: {fileID: 702828922}
  m_GameObject: {fileID: 711804739}
--- !u!1 &721892407
GameObject:
  m_ObjectHideFlags: 0
  m_PrefabParentObject: {fileID: 107876, guid: e9ea6929f7fd839428101cf6c0f9865f, type: 2}
  m_PrefabInternal: {fileID: 702828922}
  serializedVersion: 5
  m_Component:
  - component: {fileID: 721892408}
  - component: {fileID: 721892410}
  - component: {fileID: 721892409}
  m_Layer: 5
  m_Name: Text
  m_TagString: Untagged
  m_Icon: {fileID: 0}
  m_NavMeshLayer: 0
  m_StaticEditorFlags: 0
  m_IsActive: 1
--- !u!224 &721892408
RectTransform:
  m_ObjectHideFlags: 0
  m_PrefabParentObject: {fileID: 22407876, guid: e9ea6929f7fd839428101cf6c0f9865f,
    type: 2}
  m_PrefabInternal: {fileID: 702828922}
  m_GameObject: {fileID: 721892407}
  m_LocalRotation: {x: 0, y: 0, z: 0, w: 1}
  m_LocalPosition: {x: 0, y: 0, z: 0}
  m_LocalScale: {x: 1, y: 1, z: 1}
  m_Children: []
  m_Father: {fileID: 1154260287}
  m_RootOrder: 0
  m_LocalEulerAnglesHint: {x: 0, y: 0, z: 0}
  m_AnchorMin: {x: 0.5, y: 0.5}
  m_AnchorMax: {x: 0.5, y: 0.5}
  m_AnchoredPosition: {x: 0, y: 0}
  m_SizeDelta: {x: 654, y: 286}
  m_Pivot: {x: 0.5, y: 0.5}
--- !u!114 &721892409
MonoBehaviour:
  m_ObjectHideFlags: 0
  m_PrefabParentObject: {fileID: 11407872, guid: e9ea6929f7fd839428101cf6c0f9865f,
    type: 2}
  m_PrefabInternal: {fileID: 702828922}
  m_GameObject: {fileID: 721892407}
  m_Enabled: 1
  m_EditorHideFlags: 0
  m_Script: {fileID: 708705254, guid: f5f67c52d1564df4a8936ccd202a3bd8, type: 3}
  m_Name: 
  m_EditorClassIdentifier: 
  m_Material: {fileID: 0}
  m_Color: {r: 0.6784314, g: 0.21816224, b: 0.26431727, a: 1}
  m_RaycastTarget: 1
  m_OnCullStateChanged:
    m_PersistentCalls:
      m_Calls: []
    m_TypeName: UnityEngine.UI.MaskableGraphic+CullStateChangedEvent, UnityEngine.UI,
      Version=1.0.0.0, Culture=neutral, PublicKeyToken=null
  m_FontData:
    m_Font: {fileID: 12800000, guid: 218956a5c2a6e42d6a60afccf80b002b, type: 3}
    m_FontSize: 80
    m_FontStyle: 0
    m_BestFit: 0
    m_MinSize: 10
    m_MaxSize: 80
    m_Alignment: 4
    m_AlignByGeometry: 0
    m_RichText: 1
    m_HorizontalOverflow: 0
    m_VerticalOverflow: 0
    m_LineSpacing: 1
  m_Text: TAP IN 1.26s
--- !u!222 &721892410
CanvasRenderer:
  m_ObjectHideFlags: 0
  m_PrefabParentObject: {fileID: 22207878, guid: e9ea6929f7fd839428101cf6c0f9865f,
    type: 2}
  m_PrefabInternal: {fileID: 702828922}
  m_GameObject: {fileID: 721892407}
--- !u!1 &1022540165
GameObject:
  m_ObjectHideFlags: 0
  m_PrefabParentObject: {fileID: 107892, guid: e9ea6929f7fd839428101cf6c0f9865f, type: 2}
  m_PrefabInternal: {fileID: 702828922}
  serializedVersion: 5
  m_Component:
  - component: {fileID: 1022540166}
  - component: {fileID: 1022540168}
  - component: {fileID: 1022540167}
  m_Layer: 5
  m_Name: Text
  m_TagString: Untagged
  m_Icon: {fileID: 0}
  m_NavMeshLayer: 0
  m_StaticEditorFlags: 0
  m_IsActive: 1
--- !u!224 &1022540166
RectTransform:
  m_ObjectHideFlags: 0
  m_PrefabParentObject: {fileID: 22407892, guid: e9ea6929f7fd839428101cf6c0f9865f,
    type: 2}
  m_PrefabInternal: {fileID: 702828922}
  m_GameObject: {fileID: 1022540165}
  m_LocalRotation: {x: 0, y: 0, z: 0, w: 1}
  m_LocalPosition: {x: 0, y: 0, z: 0}
  m_LocalScale: {x: 1, y: 1, z: 1}
  m_Children: []
  m_Father: {fileID: 1451412796}
  m_RootOrder: 0
  m_LocalEulerAnglesHint: {x: 0, y: 0, z: 0}
  m_AnchorMin: {x: 0.5, y: 0.5}
  m_AnchorMax: {x: 0.5, y: 0.5}
  m_AnchoredPosition: {x: 0, y: 0}
  m_SizeDelta: {x: 654, y: 286}
  m_Pivot: {x: 0.5, y: 0.5}
--- !u!114 &1022540167
MonoBehaviour:
  m_ObjectHideFlags: 0
  m_PrefabParentObject: {fileID: 11407890, guid: e9ea6929f7fd839428101cf6c0f9865f,
    type: 2}
  m_PrefabInternal: {fileID: 702828922}
  m_GameObject: {fileID: 1022540165}
  m_Enabled: 1
  m_EditorHideFlags: 0
  m_Script: {fileID: 708705254, guid: f5f67c52d1564df4a8936ccd202a3bd8, type: 3}
  m_Name: 
  m_EditorClassIdentifier: 
  m_Material: {fileID: 0}
  m_Color: {r: 0.27412534, g: 0.60784316, b: 0.42099836, a: 1}
  m_RaycastTarget: 1
  m_OnCullStateChanged:
    m_PersistentCalls:
      m_Calls: []
    m_TypeName: UnityEngine.UI.MaskableGraphic+CullStateChangedEvent, UnityEngine.UI,
      Version=1.0.0.0, Culture=neutral, PublicKeyToken=null
  m_FontData:
    m_Font: {fileID: 12800000, guid: 218956a5c2a6e42d6a60afccf80b002b, type: 3}
    m_FontSize: 80
    m_FontStyle: 0
    m_BestFit: 0
    m_MinSize: 10
    m_MaxSize: 80
    m_Alignment: 4
    m_AlignByGeometry: 0
    m_RichText: 1
    m_HorizontalOverflow: 0
    m_VerticalOverflow: 0
    m_LineSpacing: 1
  m_Text: 46
--- !u!222 &1022540168
CanvasRenderer:
  m_ObjectHideFlags: 0
  m_PrefabParentObject: {fileID: 22207894, guid: e9ea6929f7fd839428101cf6c0f9865f,
    type: 2}
  m_PrefabInternal: {fileID: 702828922}
  m_GameObject: {fileID: 1022540165}
--- !u!1 &1033062636
GameObject:
  m_ObjectHideFlags: 0
  m_PrefabParentObject: {fileID: 0}
  m_PrefabInternal: {fileID: 0}
  serializedVersion: 5
  m_Component:
  - component: {fileID: 1033062637}
  m_Layer: 0
  m_Name: __REAL_PIXELS_1536x2048
  m_TagString: Untagged
  m_Icon: {fileID: 0}
  m_NavMeshLayer: 0
  m_StaticEditorFlags: 0
  m_IsActive: 1
--- !u!4 &1033062637
Transform:
  m_ObjectHideFlags: 0
  m_PrefabParentObject: {fileID: 0}
  m_PrefabInternal: {fileID: 0}
  m_GameObject: {fileID: 1033062636}
  m_LocalRotation: {x: 0, y: 0, z: 0, w: 1}
  m_LocalPosition: {x: 494.995, y: 627.74, z: 0}
  m_LocalScale: {x: 1, y: 1, z: 1}
  m_Children: []
  m_Father: {fileID: 0}
  m_RootOrder: 3
  m_LocalEulerAnglesHint: {x: 0, y: 0, z: 0}
--- !u!1 &1152838992
GameObject:
  m_ObjectHideFlags: 0
  m_PrefabParentObject: {fileID: 107894, guid: e9ea6929f7fd839428101cf6c0f9865f, type: 2}
  m_PrefabInternal: {fileID: 702828922}
  serializedVersion: 5
  m_Component:
  - component: {fileID: 1152838993}
  - component: {fileID: 1152838995}
  - component: {fileID: 1152838994}
  m_Layer: 5
  m_Name: Text
  m_TagString: Untagged
  m_Icon: {fileID: 0}
  m_NavMeshLayer: 0
  m_StaticEditorFlags: 0
  m_IsActive: 1
--- !u!224 &1152838993
RectTransform:
  m_ObjectHideFlags: 0
  m_PrefabParentObject: {fileID: 22407894, guid: e9ea6929f7fd839428101cf6c0f9865f,
    type: 2}
  m_PrefabInternal: {fileID: 702828922}
  m_GameObject: {fileID: 1152838992}
  m_LocalRotation: {x: 0, y: 0, z: 0, w: 1}
  m_LocalPosition: {x: 0, y: 0, z: 0}
  m_LocalScale: {x: 1, y: 1, z: 1}
  m_Children: []
  m_Father: {fileID: 1681112470}
  m_RootOrder: 0
  m_LocalEulerAnglesHint: {x: 0, y: 0, z: 0}
  m_AnchorMin: {x: 0.5, y: 0.5}
  m_AnchorMax: {x: 0.5, y: 0.5}
  m_AnchoredPosition: {x: 0, y: 0}
  m_SizeDelta: {x: 654, y: 286}
  m_Pivot: {x: 0.5, y: 0.5}
--- !u!114 &1152838994
MonoBehaviour:
  m_ObjectHideFlags: 0
  m_PrefabParentObject: {fileID: 11407892, guid: e9ea6929f7fd839428101cf6c0f9865f,
    type: 2}
  m_PrefabInternal: {fileID: 702828922}
  m_GameObject: {fileID: 1152838992}
  m_Enabled: 1
  m_EditorHideFlags: 0
  m_Script: {fileID: 708705254, guid: f5f67c52d1564df4a8936ccd202a3bd8, type: 3}
  m_Name: 
  m_EditorClassIdentifier: 
  m_Material: {fileID: 0}
  m_Color: {r: 1, g: 0.903572, b: 0.6764706, a: 1}
  m_RaycastTarget: 1
  m_OnCullStateChanged:
    m_PersistentCalls:
      m_Calls: []
    m_TypeName: UnityEngine.UI.MaskableGraphic+CullStateChangedEvent, UnityEngine.UI,
      Version=1.0.0.0, Culture=neutral, PublicKeyToken=null
  m_FontData:
    m_Font: {fileID: 12800000, guid: 218956a5c2a6e42d6a60afccf80b002b, type: 3}
    m_FontSize: 150
    m_FontStyle: 0
    m_BestFit: 0
    m_MinSize: 10
    m_MaxSize: 150
    m_Alignment: 4
    m_AlignByGeometry: 0
    m_RichText: 1
    m_HorizontalOverflow: 0
    m_VerticalOverflow: 0
    m_LineSpacing: 1
  m_Text: 14:36
--- !u!222 &1152838995
CanvasRenderer:
  m_ObjectHideFlags: 0
  m_PrefabParentObject: {fileID: 22207896, guid: e9ea6929f7fd839428101cf6c0f9865f,
    type: 2}
  m_PrefabInternal: {fileID: 702828922}
  m_GameObject: {fileID: 1152838992}
--- !u!1 &1154260286
GameObject:
  m_ObjectHideFlags: 0
  m_PrefabParentObject: {fileID: 107868, guid: e9ea6929f7fd839428101cf6c0f9865f, type: 2}
  m_PrefabInternal: {fileID: 702828922}
  serializedVersion: 5
  m_Component:
  - component: {fileID: 1154260287}
  - component: {fileID: 1154260289}
  - component: {fileID: 1154260288}
  m_Layer: 5
  m_Name: Block_3
  m_TagString: Untagged
  m_Icon: {fileID: 0}
  m_NavMeshLayer: 0
  m_StaticEditorFlags: 0
  m_IsActive: 1
--- !u!224 &1154260287
RectTransform:
  m_ObjectHideFlags: 0
  m_PrefabParentObject: {fileID: 22407868, guid: e9ea6929f7fd839428101cf6c0f9865f,
    type: 2}
  m_PrefabInternal: {fileID: 702828922}
  m_GameObject: {fileID: 1154260286}
  m_LocalRotation: {x: 0, y: 0, z: 0, w: 1}
  m_LocalPosition: {x: -2, y: -145, z: 0}
  m_LocalScale: {x: 1, y: 1, z: 1}
  m_Children:
  - {fileID: 721892408}
  m_Father: {fileID: 1302601224}
  m_RootOrder: 2
  m_LocalEulerAnglesHint: {x: 0, y: 0, z: 0}
  m_AnchorMin: {x: 0.5, y: 0.5}
  m_AnchorMax: {x: 0.5, y: 0.5}
  m_AnchoredPosition: {x: -2, y: -145}
  m_SizeDelta: {x: 1540, y: 286}
  m_Pivot: {x: 0.5, y: 0.5}
--- !u!114 &1154260288
MonoBehaviour:
  m_ObjectHideFlags: 0
  m_PrefabParentObject: {fileID: 11407864, guid: e9ea6929f7fd839428101cf6c0f9865f,
    type: 2}
  m_PrefabInternal: {fileID: 702828922}
  m_GameObject: {fileID: 1154260286}
  m_Enabled: 1
  m_EditorHideFlags: 0
  m_Script: {fileID: -765806418, guid: f5f67c52d1564df4a8936ccd202a3bd8, type: 3}
  m_Name: 
  m_EditorClassIdentifier: 
  m_Material: {fileID: 0}
  m_Color: {r: 1, g: 0.32352942, b: 0.39350888, a: 1}
  m_RaycastTarget: 1
  m_OnCullStateChanged:
    m_PersistentCalls:
      m_Calls: []
    m_TypeName: UnityEngine.UI.MaskableGraphic+CullStateChangedEvent, UnityEngine.UI,
      Version=1.0.0.0, Culture=neutral, PublicKeyToken=null
  m_Sprite: {fileID: 21300000, guid: 7ed1238760b863f4aafde32ab3a6f28c, type: 3}
  m_Type: 1
  m_PreserveAspect: 0
  m_FillCenter: 1
  m_FillMethod: 4
  m_FillAmount: 1
  m_FillClockwise: 1
  m_FillOrigin: 0
--- !u!222 &1154260289
CanvasRenderer:
  m_ObjectHideFlags: 0
  m_PrefabParentObject: {fileID: 22207870, guid: e9ea6929f7fd839428101cf6c0f9865f,
    type: 2}
  m_PrefabInternal: {fileID: 702828922}
  m_GameObject: {fileID: 1154260286}
--- !u!1 &1302601223
GameObject:
  m_ObjectHideFlags: 0
  m_PrefabParentObject: {fileID: 107878, guid: e9ea6929f7fd839428101cf6c0f9865f, type: 2}
  m_PrefabInternal: {fileID: 702828922}
  serializedVersion: 5
  m_Component:
  - component: {fileID: 1302601224}
  - component: {fileID: 1302601227}
  - component: {fileID: 1302601226}
  - component: {fileID: 1302601225}
  m_Layer: 5
  m_Name: Panel
  m_TagString: Untagged
  m_Icon: {fileID: 0}
  m_NavMeshLayer: 0
  m_StaticEditorFlags: 0
  m_IsActive: 1
--- !u!224 &1302601224
RectTransform:
  m_ObjectHideFlags: 0
  m_PrefabParentObject: {fileID: 22407878, guid: e9ea6929f7fd839428101cf6c0f9865f,
    type: 2}
  m_PrefabInternal: {fileID: 702828922}
  m_GameObject: {fileID: 1302601223}
  m_LocalRotation: {x: 0, y: 0, z: 0, w: 1}
  m_LocalPosition: {x: 0, y: 0, z: 0}
  m_LocalScale: {x: 1, y: 1, z: 1}
  m_Children:
  - {fileID: 1681112470}
  - {fileID: 1451412796}
  - {fileID: 1154260287}
  - {fileID: 1796219210}
  m_Father: {fileID: 2007823682}
  m_RootOrder: 1
  m_LocalEulerAnglesHint: {x: 0, y: 0, z: 0}
  m_AnchorMin: {x: 0.5, y: 0.5}
  m_AnchorMax: {x: 0.5, y: 0.5}
  m_AnchoredPosition: {x: 0, y: 0}
  m_SizeDelta: {x: 1536, y: 2048}
  m_Pivot: {x: 0.5, y: 0.5}
--- !u!114 &1302601225
MonoBehaviour:
  m_ObjectHideFlags: 0
  m_PrefabParentObject: {fileID: 11407876, guid: e9ea6929f7fd839428101cf6c0f9865f,
    type: 2}
  m_PrefabInternal: {fileID: 702828922}
  m_GameObject: {fileID: 1302601223}
  m_Enabled: 1
  m_EditorHideFlags: 0
  m_Script: {fileID: -1200242548, guid: f5f67c52d1564df4a8936ccd202a3bd8, type: 3}
  m_Name: 
  m_EditorClassIdentifier: 
  m_ShowMaskGraphic: 1
--- !u!114 &1302601226
MonoBehaviour:
  m_ObjectHideFlags: 0
  m_PrefabParentObject: {fileID: 11407874, guid: e9ea6929f7fd839428101cf6c0f9865f,
    type: 2}
  m_PrefabInternal: {fileID: 702828922}
  m_GameObject: {fileID: 1302601223}
  m_Enabled: 1
  m_EditorHideFlags: 0
  m_Script: {fileID: -765806418, guid: f5f67c52d1564df4a8936ccd202a3bd8, type: 3}
  m_Name: 
  m_EditorClassIdentifier: 
  m_Material: {fileID: 0}
  m_Color: {r: 0.19215687, g: 0.2, b: 0.21176471, a: 1}
  m_RaycastTarget: 1
  m_OnCullStateChanged:
    m_PersistentCalls:
      m_Calls: []
    m_TypeName: UnityEngine.UI.MaskableGraphic+CullStateChangedEvent, UnityEngine.UI,
      Version=1.0.0.0, Culture=neutral, PublicKeyToken=null
  m_Sprite: {fileID: 21300000, guid: 7ed1238760b863f4aafde32ab3a6f28c, type: 3}
  m_Type: 1
  m_PreserveAspect: 0
  m_FillCenter: 1
  m_FillMethod: 4
  m_FillAmount: 1
  m_FillClockwise: 1
  m_FillOrigin: 0
--- !u!222 &1302601227
CanvasRenderer:
  m_ObjectHideFlags: 0
  m_PrefabParentObject: {fileID: 22207880, guid: e9ea6929f7fd839428101cf6c0f9865f,
    type: 2}
  m_PrefabInternal: {fileID: 702828922}
  m_GameObject: {fileID: 1302601223}
--- !u!1 &1395101809
GameObject:
  m_ObjectHideFlags: 0
  m_PrefabParentObject: {fileID: 107870, guid: e9ea6929f7fd839428101cf6c0f9865f, type: 2}
  m_PrefabInternal: {fileID: 702828922}
  serializedVersion: 5
  m_Component:
  - component: {fileID: 1395101810}
  - component: {fileID: 1395101812}
  - component: {fileID: 1395101811}
  m_Layer: 5
  m_Name: Panel
  m_TagString: Untagged
  m_Icon: {fileID: 0}
  m_NavMeshLayer: 0
  m_StaticEditorFlags: 0
  m_IsActive: 1
--- !u!224 &1395101810
RectTransform:
  m_ObjectHideFlags: 0
  m_PrefabParentObject: {fileID: 22407870, guid: e9ea6929f7fd839428101cf6c0f9865f,
    type: 2}
  m_PrefabInternal: {fileID: 702828922}
  m_GameObject: {fileID: 1395101809}
  m_LocalRotation: {x: 0, y: 0, z: -0.38268292, w: 0.92387974}
  m_LocalPosition: {x: -324, y: -193, z: 0}
  m_LocalScale: {x: 1, y: 1, z: 1}
  m_Children: []
  m_Father: {fileID: 1796219210}
  m_RootOrder: 1
  m_LocalEulerAnglesHint: {x: 0, y: 0, z: 0}
  m_AnchorMin: {x: 0.5, y: 0.5}
  m_AnchorMax: {x: 0.5, y: 0.5}
  m_AnchoredPosition: {x: -324, y: -193}
  m_SizeDelta: {x: 287, y: 29}
  m_Pivot: {x: 0.5, y: 0.5}
--- !u!114 &1395101811
MonoBehaviour:
  m_ObjectHideFlags: 0
  m_PrefabParentObject: {fileID: 11407866, guid: e9ea6929f7fd839428101cf6c0f9865f,
    type: 2}
  m_PrefabInternal: {fileID: 702828922}
  m_GameObject: {fileID: 1395101809}
  m_Enabled: 1
  m_EditorHideFlags: 0
  m_Script: {fileID: -765806418, guid: f5f67c52d1564df4a8936ccd202a3bd8, type: 3}
  m_Name: 
  m_EditorClassIdentifier: 
  m_Material: {fileID: 0}
  m_Color: {r: 1, g: 0.32352942, b: 0.39350888, a: 1}
  m_RaycastTarget: 1
  m_OnCullStateChanged:
    m_PersistentCalls:
      m_Calls: []
    m_TypeName: UnityEngine.UI.MaskableGraphic+CullStateChangedEvent, UnityEngine.UI,
      Version=1.0.0.0, Culture=neutral, PublicKeyToken=null
  m_Sprite: {fileID: 21300000, guid: 7ed1238760b863f4aafde32ab3a6f28c, type: 3}
  m_Type: 1
  m_PreserveAspect: 0
  m_FillCenter: 1
  m_FillMethod: 4
  m_FillAmount: 1
  m_FillClockwise: 1
  m_FillOrigin: 0
--- !u!222 &1395101812
CanvasRenderer:
  m_ObjectHideFlags: 0
  m_PrefabParentObject: {fileID: 22207872, guid: e9ea6929f7fd839428101cf6c0f9865f,
    type: 2}
  m_PrefabInternal: {fileID: 702828922}
  m_GameObject: {fileID: 1395101809}
--- !u!1 &1451412795
GameObject:
  m_ObjectHideFlags: 0
  m_PrefabParentObject: {fileID: 107872, guid: e9ea6929f7fd839428101cf6c0f9865f, type: 2}
  m_PrefabInternal: {fileID: 702828922}
  serializedVersion: 5
  m_Component:
  - component: {fileID: 1451412796}
  - component: {fileID: 1451412798}
  - component: {fileID: 1451412797}
  m_Layer: 5
  m_Name: Block_2
  m_TagString: Untagged
  m_Icon: {fileID: 0}
  m_NavMeshLayer: 0
  m_StaticEditorFlags: 0
  m_IsActive: 1
--- !u!224 &1451412796
RectTransform:
  m_ObjectHideFlags: 0
  m_PrefabParentObject: {fileID: 22407872, guid: e9ea6929f7fd839428101cf6c0f9865f,
    type: 2}
  m_PrefabInternal: {fileID: 702828922}
  m_GameObject: {fileID: 1451412795}
  m_LocalRotation: {x: 0, y: 0, z: 0, w: 1}
  m_LocalPosition: {x: -2, y: 141, z: 0}
  m_LocalScale: {x: 1, y: 1, z: 1}
  m_Children:
  - {fileID: 1022540166}
  m_Father: {fileID: 1302601224}
  m_RootOrder: 1
  m_LocalEulerAnglesHint: {x: 0, y: 0, z: 0}
  m_AnchorMin: {x: 0.5, y: 0.5}
  m_AnchorMax: {x: 0.5, y: 0.5}
  m_AnchoredPosition: {x: -2, y: 141}
  m_SizeDelta: {x: 1540, y: 286}
  m_Pivot: {x: 0.5, y: 0.5}
--- !u!114 &1451412797
MonoBehaviour:
  m_ObjectHideFlags: 0
  m_PrefabParentObject: {fileID: 11407868, guid: e9ea6929f7fd839428101cf6c0f9865f,
    type: 2}
  m_PrefabInternal: {fileID: 702828922}
  m_GameObject: {fileID: 1451412795}
  m_Enabled: 1
  m_EditorHideFlags: 0
  m_Script: {fileID: -765806418, guid: f5f67c52d1564df4a8936ccd202a3bd8, type: 3}
  m_Name: 
  m_EditorClassIdentifier: 
  m_Material: {fileID: 0}
  m_Color: {r: 0.36937717, g: 0.8235294, b: 0.5722319, a: 1}
  m_RaycastTarget: 1
  m_OnCullStateChanged:
    m_PersistentCalls:
      m_Calls: []
    m_TypeName: UnityEngine.UI.MaskableGraphic+CullStateChangedEvent, UnityEngine.UI,
      Version=1.0.0.0, Culture=neutral, PublicKeyToken=null
  m_Sprite: {fileID: 21300000, guid: 7ed1238760b863f4aafde32ab3a6f28c, type: 3}
  m_Type: 1
  m_PreserveAspect: 0
  m_FillCenter: 1
  m_FillMethod: 4
  m_FillAmount: 1
  m_FillClockwise: 1
  m_FillOrigin: 0
--- !u!222 &1451412798
CanvasRenderer:
  m_ObjectHideFlags: 0
  m_PrefabParentObject: {fileID: 22207874, guid: e9ea6929f7fd839428101cf6c0f9865f,
    type: 2}
  m_PrefabInternal: {fileID: 702828922}
  m_GameObject: {fileID: 1451412795}
--- !u!1 &1500371475
GameObject:
  m_ObjectHideFlags: 0
  m_PrefabParentObject: {fileID: 0}
  m_PrefabInternal: {fileID: 0}
  serializedVersion: 5
  m_Component:
  - component: {fileID: 1500371479}
  - component: {fileID: 1500371478}
  - component: {fileID: 1500371477}
  - component: {fileID: 1500371476}
  m_Layer: 0
  m_Name: EventSystem
  m_TagString: Untagged
  m_Icon: {fileID: 0}
  m_NavMeshLayer: 0
  m_StaticEditorFlags: 0
  m_IsActive: 1
--- !u!114 &1500371476
MonoBehaviour:
  m_ObjectHideFlags: 0
  m_PrefabParentObject: {fileID: 0}
  m_PrefabInternal: {fileID: 0}
  m_GameObject: {fileID: 1500371475}
  m_Enabled: 1
  m_EditorHideFlags: 0
  m_Script: {fileID: 1997211142, guid: f5f67c52d1564df4a8936ccd202a3bd8, type: 3}
  m_Name: 
  m_EditorClassIdentifier: 
  m_ForceModuleActive: 0
--- !u!114 &1500371477
MonoBehaviour:
  m_ObjectHideFlags: 0
  m_PrefabParentObject: {fileID: 0}
  m_PrefabInternal: {fileID: 0}
  m_GameObject: {fileID: 1500371475}
  m_Enabled: 1
  m_EditorHideFlags: 0
  m_Script: {fileID: 1077351063, guid: f5f67c52d1564df4a8936ccd202a3bd8, type: 3}
  m_Name: 
  m_EditorClassIdentifier: 
  m_HorizontalAxis: Horizontal
  m_VerticalAxis: Vertical
  m_SubmitButton: Submit
  m_CancelButton: Cancel
  m_InputActionsPerSecond: 10
  m_RepeatDelay: 0.5
  m_ForceModuleActive: 0
--- !u!114 &1500371478
MonoBehaviour:
  m_ObjectHideFlags: 0
  m_PrefabParentObject: {fileID: 0}
  m_PrefabInternal: {fileID: 0}
  m_GameObject: {fileID: 1500371475}
  m_Enabled: 1
  m_EditorHideFlags: 0
  m_Script: {fileID: -619905303, guid: f5f67c52d1564df4a8936ccd202a3bd8, type: 3}
  m_Name: 
  m_EditorClassIdentifier: 
  m_FirstSelected: {fileID: 0}
  m_sendNavigationEvents: 1
  m_DragThreshold: 5
--- !u!4 &1500371479
Transform:
  m_ObjectHideFlags: 0
  m_PrefabParentObject: {fileID: 0}
  m_PrefabInternal: {fileID: 0}
  m_GameObject: {fileID: 1500371475}
  m_LocalRotation: {x: 0, y: 0, z: 0, w: 1}
  m_LocalPosition: {x: 0, y: 0, z: 0}
  m_LocalScale: {x: 1, y: 1, z: 1}
  m_Children: []
  m_Father: {fileID: 0}
  m_RootOrder: 1
  m_LocalEulerAnglesHint: {x: 0, y: 0, z: 0}
--- !u!1 &1511305452
GameObject:
  m_ObjectHideFlags: 0
  m_PrefabParentObject: {fileID: 0}
  m_PrefabInternal: {fileID: 0}
  serializedVersion: 5
  m_Component:
  - component: {fileID: 1511305453}
  m_Layer: 0
  m_Name: __SET_YOUR_GAMESCREEN_TO_768x1024
  m_TagString: Untagged
  m_Icon: {fileID: 0}
  m_NavMeshLayer: 0
  m_StaticEditorFlags: 0
  m_IsActive: 1
--- !u!4 &1511305453
Transform:
  m_ObjectHideFlags: 0
  m_PrefabParentObject: {fileID: 0}
  m_PrefabInternal: {fileID: 0}
  m_GameObject: {fileID: 1511305452}
  m_LocalRotation: {x: 0, y: 0, z: 0, w: 1}
  m_LocalPosition: {x: 494.995, y: 627.74, z: 0}
  m_LocalScale: {x: 1, y: 1, z: 1}
  m_Children: []
  m_Father: {fileID: 0}
  m_RootOrder: 2
  m_LocalEulerAnglesHint: {x: 0, y: 0, z: 0}
--- !u!1 &1681112469
GameObject:
  m_ObjectHideFlags: 0
  m_PrefabParentObject: {fileID: 107888, guid: e9ea6929f7fd839428101cf6c0f9865f, type: 2}
  m_PrefabInternal: {fileID: 702828922}
  serializedVersion: 5
  m_Component:
  - component: {fileID: 1681112470}
  - component: {fileID: 1681112472}
  - component: {fileID: 1681112471}
  m_Layer: 5
  m_Name: Block_1
  m_TagString: Untagged
  m_Icon: {fileID: 0}
  m_NavMeshLayer: 0
  m_StaticEditorFlags: 0
  m_IsActive: 1
--- !u!224 &1681112470
RectTransform:
  m_ObjectHideFlags: 0
  m_PrefabParentObject: {fileID: 22407888, guid: e9ea6929f7fd839428101cf6c0f9865f,
    type: 2}
  m_PrefabInternal: {fileID: 702828922}
  m_GameObject: {fileID: 1681112469}
  m_LocalRotation: {x: 0, y: 0, z: 0, w: 1}
  m_LocalPosition: {x: -2, y: 657, z: 0}
  m_LocalScale: {x: 1, y: 1, z: 1}
  m_Children:
  - {fileID: 1152838993}
  m_Father: {fileID: 1302601224}
  m_RootOrder: 0
  m_LocalEulerAnglesHint: {x: 0, y: 0, z: 0}
  m_AnchorMin: {x: 0.5, y: 0.5}
  m_AnchorMax: {x: 0.5, y: 0.5}
  m_AnchoredPosition: {x: -2, y: 657}
  m_SizeDelta: {x: 1540, y: 747}
  m_Pivot: {x: 0.5, y: 0.5}
--- !u!114 &1681112471
MonoBehaviour:
  m_ObjectHideFlags: 0
  m_PrefabParentObject: {fileID: 11407886, guid: e9ea6929f7fd839428101cf6c0f9865f,
    type: 2}
  m_PrefabInternal: {fileID: 702828922}
  m_GameObject: {fileID: 1681112469}
  m_Enabled: 1
  m_EditorHideFlags: 0
  m_Script: {fileID: -765806418, guid: f5f67c52d1564df4a8936ccd202a3bd8, type: 3}
  m_Name: 
  m_EditorClassIdentifier: 
  m_Material: {fileID: 0}
  m_Color: {r: 0.9558824, g: 0.7319383, b: 0.21788493, a: 1}
  m_RaycastTarget: 1
  m_OnCullStateChanged:
    m_PersistentCalls:
      m_Calls: []
    m_TypeName: UnityEngine.UI.MaskableGraphic+CullStateChangedEvent, UnityEngine.UI,
      Version=1.0.0.0, Culture=neutral, PublicKeyToken=null
  m_Sprite: {fileID: 21300000, guid: 7ed1238760b863f4aafde32ab3a6f28c, type: 3}
  m_Type: 1
  m_PreserveAspect: 0
  m_FillCenter: 1
  m_FillMethod: 4
  m_FillAmount: 1
  m_FillClockwise: 1
  m_FillOrigin: 0
--- !u!222 &1681112472
CanvasRenderer:
  m_ObjectHideFlags: 0
  m_PrefabParentObject: {fileID: 22207890, guid: e9ea6929f7fd839428101cf6c0f9865f,
    type: 2}
  m_PrefabInternal: {fileID: 702828922}
  m_GameObject: {fileID: 1681112469}
--- !u!1 &1796219209
GameObject:
  m_ObjectHideFlags: 0
  m_PrefabParentObject: {fileID: 107874, guid: e9ea6929f7fd839428101cf6c0f9865f, type: 2}
  m_PrefabInternal: {fileID: 702828922}
  serializedVersion: 5
  m_Component:
  - component: {fileID: 1796219210}
  - component: {fileID: 1796219212}
  - component: {fileID: 1796219211}
  m_Layer: 5
  m_Name: Block_4
  m_TagString: Untagged
  m_Icon: {fileID: 0}
  m_NavMeshLayer: 0
  m_StaticEditorFlags: 0
  m_IsActive: 1
--- !u!224 &1796219210
RectTransform:
  m_ObjectHideFlags: 0
  m_PrefabParentObject: {fileID: 22407874, guid: e9ea6929f7fd839428101cf6c0f9865f,
    type: 2}
  m_PrefabInternal: {fileID: 702828922}
  m_GameObject: {fileID: 1796219209}
  m_LocalRotation: {x: 0, y: 0, z: 0, w: 1}
  m_LocalPosition: {x: -2, y: -658, z: 0}
  m_LocalScale: {x: 1, y: 1, z: 1}
  m_Children:
  - {fileID: 2031106777}
  - {fileID: 1395101810}
  - {fileID: 711804740}
  - {fileID: 199437878}
  - {fileID: 469122417}
  - {fileID: 29299103}
  - {fileID: 215334750}
  m_Father: {fileID: 1302601224}
  m_RootOrder: 3
  m_LocalEulerAnglesHint: {x: 0, y: 0, z: 0}
  m_AnchorMin: {x: 0.5, y: 0.5}
  m_AnchorMax: {x: 0.5, y: 0.5}
  m_AnchoredPosition: {x: -2, y: -658}
  m_SizeDelta: {x: 1540, y: 740}
  m_Pivot: {x: 0.5, y: 0.5}
--- !u!114 &1796219211
MonoBehaviour:
  m_ObjectHideFlags: 0
  m_PrefabParentObject: {fileID: 11407870, guid: e9ea6929f7fd839428101cf6c0f9865f,
    type: 2}
  m_PrefabInternal: {fileID: 702828922}
  m_GameObject: {fileID: 1796219209}
  m_Enabled: 1
  m_EditorHideFlags: 0
  m_Script: {fileID: -765806418, guid: f5f67c52d1564df4a8936ccd202a3bd8, type: 3}
  m_Name: 
  m_EditorClassIdentifier: 
  m_Material: {fileID: 0}
  m_Color: {r: 0.25490198, g: 0.2784314, b: 0.30980393, a: 1}
  m_RaycastTarget: 1
  m_OnCullStateChanged:
    m_PersistentCalls:
      m_Calls: []
    m_TypeName: UnityEngine.UI.MaskableGraphic+CullStateChangedEvent, UnityEngine.UI,
      Version=1.0.0.0, Culture=neutral, PublicKeyToken=null
  m_Sprite: {fileID: 21300000, guid: 7ed1238760b863f4aafde32ab3a6f28c, type: 3}
  m_Type: 1
  m_PreserveAspect: 0
  m_FillCenter: 1
  m_FillMethod: 4
  m_FillAmount: 1
  m_FillClockwise: 1
  m_FillOrigin: 0
--- !u!222 &1796219212
CanvasRenderer:
  m_ObjectHideFlags: 0
  m_PrefabParentObject: {fileID: 22207876, guid: e9ea6929f7fd839428101cf6c0f9865f,
    type: 2}
  m_PrefabInternal: {fileID: 702828922}
  m_GameObject: {fileID: 1796219209}
--- !u!1 &2007823678
GameObject:
  m_ObjectHideFlags: 0
  m_PrefabParentObject: {fileID: 107900, guid: e9ea6929f7fd839428101cf6c0f9865f, type: 2}
  m_PrefabInternal: {fileID: 702828922}
  serializedVersion: 5
  m_Component:
  - component: {fileID: 2007823682}
  - component: {fileID: 2007823681}
  - component: {fileID: 2007823680}
  - component: {fileID: 2007823679}
  m_Layer: 5
  m_Name: GameTablet_1
  m_TagString: Untagged
  m_Icon: {fileID: 0}
  m_NavMeshLayer: 0
  m_StaticEditorFlags: 0
  m_IsActive: 1
--- !u!114 &2007823679
MonoBehaviour:
  m_ObjectHideFlags: 0
  m_PrefabParentObject: {fileID: 11407900, guid: e9ea6929f7fd839428101cf6c0f9865f,
    type: 2}
  m_PrefabInternal: {fileID: 702828922}
  m_GameObject: {fileID: 2007823678}
  m_Enabled: 1
  m_EditorHideFlags: 0
  m_Script: {fileID: 1301386320, guid: f5f67c52d1564df4a8936ccd202a3bd8, type: 3}
  m_Name: 
  m_EditorClassIdentifier: 
  m_IgnoreReversedGraphics: 1
  m_BlockingObjects: 0
  m_BlockingMask:
    serializedVersion: 2
    m_Bits: 4294967295
--- !u!114 &2007823680
MonoBehaviour:
  m_ObjectHideFlags: 0
  m_PrefabParentObject: {fileID: 11407898, guid: e9ea6929f7fd839428101cf6c0f9865f,
    type: 2}
  m_PrefabInternal: {fileID: 702828922}
  m_GameObject: {fileID: 2007823678}
  m_Enabled: 1
  m_EditorHideFlags: 0
  m_Script: {fileID: 1980459831, guid: f5f67c52d1564df4a8936ccd202a3bd8, type: 3}
  m_Name: 
  m_EditorClassIdentifier: 
  m_UiScaleMode: 1
  m_ReferencePixelsPerUnit: 100
  m_ScaleFactor: 1
  m_ReferenceResolution: {x: 1536, y: 2048}
  m_ScreenMatchMode: 0
  m_MatchWidthOrHeight: 1
  m_PhysicalUnit: 3
  m_FallbackScreenDPI: 96
  m_DefaultSpriteDPI: 96
  m_DynamicPixelsPerUnit: 1
--- !u!223 &2007823681
Canvas:
  m_ObjectHideFlags: 0
  m_PrefabParentObject: {fileID: 22307902, guid: e9ea6929f7fd839428101cf6c0f9865f,
    type: 2}
  m_PrefabInternal: {fileID: 702828922}
  m_GameObject: {fileID: 2007823678}
  m_Enabled: 1
  serializedVersion: 3
  m_RenderMode: 0
  m_Camera: {fileID: 0}
  m_PlaneDistance: 100
  m_PixelPerfect: 1
  m_ReceivesEvents: 1
  m_OverrideSorting: 0
  m_OverridePixelPerfect: 0
  m_SortingBucketNormalizedSize: 0
  m_AdditionalShaderChannelsFlag: 25
  m_SortingLayerID: 0
  m_SortingOrder: 0
  m_TargetDisplay: 0
--- !u!224 &2007823682
RectTransform:
  m_ObjectHideFlags: 0
  m_PrefabParentObject: {fileID: 22407900, guid: e9ea6929f7fd839428101cf6c0f9865f,
    type: 2}
  m_PrefabInternal: {fileID: 702828922}
  m_GameObject: {fileID: 2007823678}
  m_LocalRotation: {x: 0, y: 0, z: 0, w: 1}
  m_LocalPosition: {x: 320, y: 240, z: 0}
  m_LocalScale: {x: 0.234375, y: 0.234375, z: 0.234375}
  m_Children:
  - {fileID: 2124437762}
  - {fileID: 1302601224}
  m_Father: {fileID: 0}
  m_RootOrder: 0
  m_LocalEulerAnglesHint: {x: 0, y: 0, z: 0}
  m_AnchorMin: {x: 0, y: 0}
  m_AnchorMax: {x: 0, y: 0}
  m_AnchoredPosition: {x: 320, y: 240}
  m_SizeDelta: {x: 2730.6667, y: 2048}
  m_Pivot: {x: 0.5, y: 0.5}
--- !u!1 &2031106776
GameObject:
  m_ObjectHideFlags: 0
  m_PrefabParentObject: {fileID: 107880, guid: e9ea6929f7fd839428101cf6c0f9865f, type: 2}
  m_PrefabInternal: {fileID: 702828922}
  serializedVersion: 5
  m_Component:
  - component: {fileID: 2031106777}
  - component: {fileID: 2031106779}
  - component: {fileID: 2031106778}
  m_Layer: 5
  m_Name: Panel
  m_TagString: Untagged
  m_Icon: {fileID: 0}
  m_NavMeshLayer: 0
  m_StaticEditorFlags: 0
  m_IsActive: 1
--- !u!224 &2031106777
RectTransform:
  m_ObjectHideFlags: 0
  m_PrefabParentObject: {fileID: 22407880, guid: e9ea6929f7fd839428101cf6c0f9865f,
    type: 2}
  m_PrefabInternal: {fileID: 702828922}
  m_GameObject: {fileID: 2031106776}
  m_LocalRotation: {x: 0, y: 0, z: 0.38268292, w: 0.92387974}
  m_LocalPosition: {x: 324, y: -134, z: 0}
  m_LocalScale: {x: 1, y: 1, z: 1}
  m_Children: []
  m_Father: {fileID: 1796219210}
  m_RootOrder: 0
  m_LocalEulerAnglesHint: {x: 0, y: 0, z: 0}
  m_AnchorMin: {x: 0.5, y: 0.5}
  m_AnchorMax: {x: 0.5, y: 0.5}
  m_AnchoredPosition: {x: 324, y: -134}
  m_SizeDelta: {x: 857, y: 21}
  m_Pivot: {x: 0.5, y: 0.5}
--- !u!114 &2031106778
MonoBehaviour:
  m_ObjectHideFlags: 0
  m_PrefabParentObject: {fileID: 11407878, guid: e9ea6929f7fd839428101cf6c0f9865f,
    type: 2}
  m_PrefabInternal: {fileID: 702828922}
  m_GameObject: {fileID: 2031106776}
  m_Enabled: 1
  m_EditorHideFlags: 0
  m_Script: {fileID: -765806418, guid: f5f67c52d1564df4a8936ccd202a3bd8, type: 3}
  m_Name: 
  m_EditorClassIdentifier: 
  m_Material: {fileID: 0}
  m_Color: {r: 1, g: 0.32352942, b: 0.39350888, a: 1}
  m_RaycastTarget: 1
  m_OnCullStateChanged:
    m_PersistentCalls:
      m_Calls: []
    m_TypeName: UnityEngine.UI.MaskableGraphic+CullStateChangedEvent, UnityEngine.UI,
      Version=1.0.0.0, Culture=neutral, PublicKeyToken=null
  m_Sprite: {fileID: 21300000, guid: 7ed1238760b863f4aafde32ab3a6f28c, type: 3}
  m_Type: 1
  m_PreserveAspect: 0
  m_FillCenter: 1
  m_FillMethod: 4
  m_FillAmount: 1
  m_FillClockwise: 1
  m_FillOrigin: 0
--- !u!222 &2031106779
CanvasRenderer:
  m_ObjectHideFlags: 0
  m_PrefabParentObject: {fileID: 22207882, guid: e9ea6929f7fd839428101cf6c0f9865f,
    type: 2}
  m_PrefabInternal: {fileID: 702828922}
  m_GameObject: {fileID: 2031106776}
--- !u!1 &2124437761
GameObject:
  m_ObjectHideFlags: 0
  m_PrefabParentObject: {fileID: 107896, guid: e9ea6929f7fd839428101cf6c0f9865f, type: 2}
  m_PrefabInternal: {fileID: 702828922}
  serializedVersion: 5
  m_Component:
  - component: {fileID: 2124437762}
  - component: {fileID: 2124437764}
  - component: {fileID: 2124437763}
  m_Layer: 5
  m_Name: AppTitle
  m_TagString: Untagged
  m_Icon: {fileID: 0}
  m_NavMeshLayer: 0
  m_StaticEditorFlags: 0
  m_IsActive: 1
--- !u!224 &2124437762
RectTransform:
  m_ObjectHideFlags: 0
  m_PrefabParentObject: {fileID: 22407896, guid: e9ea6929f7fd839428101cf6c0f9865f,
    type: 2}
  m_PrefabInternal: {fileID: 702828922}
  m_GameObject: {fileID: 2124437761}
  m_LocalRotation: {x: 0, y: 0, z: 0, w: 1}
  m_LocalPosition: {x: -384, y: 1147, z: 0}
  m_LocalScale: {x: 1, y: 1, z: 1}
  m_Children:
  - {fileID: 219150750}
  m_Father: {fileID: 2007823682}
  m_RootOrder: 0
  m_LocalEulerAnglesHint: {x: 0, y: 0, z: 0}
  m_AnchorMin: {x: 0.5, y: 0.5}
  m_AnchorMax: {x: 0.5, y: 0.5}
  m_AnchoredPosition: {x: -384, y: 1147}
  m_SizeDelta: {x: 768, y: 109}
  m_Pivot: {x: 0.5, y: 0.5}
--- !u!114 &2124437763
MonoBehaviour:
  m_ObjectHideFlags: 0
  m_PrefabParentObject: {fileID: 11407894, guid: e9ea6929f7fd839428101cf6c0f9865f,
    type: 2}
  m_PrefabInternal: {fileID: 702828922}
  m_GameObject: {fileID: 2124437761}
  m_Enabled: 1
  m_EditorHideFlags: 0
  m_Script: {fileID: 708705254, guid: f5f67c52d1564df4a8936ccd202a3bd8, type: 3}
  m_Name: 
  m_EditorClassIdentifier: 
  m_Material: {fileID: 0}
  m_Color: {r: 0.85490197, g: 0.85490197, b: 0.85490197, a: 1}
  m_RaycastTarget: 1
  m_OnCullStateChanged:
    m_PersistentCalls:
      m_Calls: []
    m_TypeName: UnityEngine.UI.MaskableGraphic+CullStateChangedEvent, UnityEngine.UI,
      Version=1.0.0.0, Culture=neutral, PublicKeyToken=null
  m_FontData:
    m_Font: {fileID: 12800000, guid: 218956a5c2a6e42d6a60afccf80b002b, type: 3}
    m_FontSize: 102
    m_FontStyle: 0
    m_BestFit: 0
    m_MinSize: 10
    m_MaxSize: 102
    m_Alignment: 0
    m_AlignByGeometry: 0
    m_RichText: 1
    m_HorizontalOverflow: 0
    m_VerticalOverflow: 1
    m_LineSpacing: 1
  m_Text: GAME
--- !u!222 &2124437764
CanvasRenderer:
  m_ObjectHideFlags: 0
  m_PrefabParentObject: {fileID: 22207898, guid: e9ea6929f7fd839428101cf6c0f9865f,
    type: 2}
  m_PrefabInternal: {fileID: 702828922}
  m_GameObject: {fileID: 2124437761}
